3376 5150
338 418 399 477 122

337 587 459 648 eandem
488 590 728 665 compositionem
756 591 899 667 praebere
929 591 1096 668 uideantur,
1128 592 1230 653 titulus
1259 593 1301 653 ita
1329 594 1460 669 suppleri

336 693 440 766 potest,
459 693 613 767 praeterea
630 693 769 751 nonnulli
787 691 874 752 huius
893 694 974 752 urbis
994 695 1071 754 tituli
1090 694 1144 754 has
1161 694 1303 754 formulas
1317 698 1461 755 testantur

335 791 378 869 (n.
394 792 464 851 539.
487 792 570 870 553).
612 795 679 854 lure
703 794 791 870 igitur
814 795 845 853 in
867 813 954 854 versu
975 814 1054 856 nono
1077 814 1182 856 nomen
1204 797 1389 872 magistratus
1411 815 1460 856 ex-

336 897 493 971 spectatur,
514 896 685 971 praesertim
707 914 772 956 oum
795 897 916 957 verbum
939 890 1136 974 ἐπιδιδόναι,
1159 897 1238 973 quod
1257 900 1340 957 Korn
1359 900 1460 974 voluit,

336 1016 480 1075 nusquam
501 999 532 1057 in
554 1000 810 1060 manumissionum
831 1002 926 1060 titulis
947 1001 1120 1062 inveniatur.
1157 1001 1240 1073 Quae
1258 1020 1324 1062 oum
1338 1003 1380 1061 ita
1394 1003 1460 1076 sint,

336 1102 451 1159 titulum
473 1104 604 1177 tempore
626 1120 679 1179 per
694 1103 879 1179 magistratus
896 1103 1015 1164 definito
1029 1108 1164 1180 putamus
1179 1105 1220 1162 ita
1235 1121 1370 1164 exorsum
1385 1121 1460 1165 esso:

336 1196 370 1264 οἱ
406 1191 629 1286 ἀπελεύθεροι
665 1204 777 1284 §satagi
813 1202 870 1267 καὶ
907 1197 1091 1279 δεδωκότες
1127 1199 1167 1268 τὸ
1203 1195 1384 1287 γινόμενον
1420 1205 1462 1286 τῇ

335 1297 434 1366 πόλει
456 1304 621 1386 στατῆρας
644 1297 693 1369 ιε’.

421 1425 484 1482 lam
505 1424 583 1483 tituli
604 1443 633 1483 n.
646 1425 727 1483 laea
750 1424 946 1500 nominamur,
969 1426 1020 1486 ubi
1041 1426 1166 1502 singulis
1188 1426 1460 1486 manumissionibus

336 1518 512 1604 ξενοδοκοι
534 1525 627 1586 additi
648 1531 722 1586 snut
759 1527 817 1587 Hio
839 1529 916 1588 onim
937 1529 1040 1588 titulus
1059 1528 1184 1589 similem
1199 1529 1325 1589 indieem
1339 1529 1461 1605 praebet

337 1645 372 1686 ae
394 1628 561 1701 Larisaeus3
588 1631 704 1705 praeter
730 1621 791 1691 τὸν
818 1622 935 1710 ταγὸν,
961 1631 1011 1707 qui
1032 1622 1147 1715 κοινὸς
1169 1623 1348 1708 ξενοδοκος
1371 1631 1460 1706 signi-

336 1729 446 1804 fieatnr,
467 1730 603 1790 nonnulli
623 1734 714 1790 testes
735 1732 845 1807 priuati
867 1728 959 1807 (ἴδιοι
980 1727 1169 1812 ξενοδοκοι)
1188 1732 1461 1792 manumissionibus

336 1833 491 1907 intersunt,
513 1850 633 1892 numero
655 1836 715 1893 tres
737 1839 788 1892 aut
808 1837 954 1910 quattuor.
996 1835 1156 1894 Praeterea
1177 1835 1208 1893 in
1229 1835 1315 1894 titulo
1336 1853 1365 1894 n.
1379 1835 1461 1894 1290

338 1919 356 1996 ὃ
378 1926 480 2016 ταγὸς
502 1927 678 2009 Διονύσιος
699 1935 756 1995 hoo
771 1953 890 1996 munero
906 1935 1023 1997 iuuotns
1039 1953 1102 1997 esse
1117 1936 1242 2013 uidetur,
1264 1937 1289 1995 si
1304 1954 1405 1997 uorsus
1422 1938 1460 1996 16

338 2055 356 2095 a
378 2054 424 2096 me
445 2040 527 2096 reete
550 2036 720 2097 emendatus
743 2041 795 2098 est.

421 2156 557 2231 Denique
598 2156 646 2215 hio
687 2149 803 2230 κοινὸς
839 2149 1019 2235 ξενοδοκος
1054 2159 1086 2216 in
1122 2156 1179 2218 fine
1215 2159 1293 2218 tituli
1328 2177 1356 2218 n.
1372 2158 1462 2218 teta

336 2257 493 2333 invenitur,
513 2258 564 2318 ubi
585 2256 660 2318 haee
682 2258 831 2335 leguntur:

423 2407 478 2473 καὶ
501 2402 541 2474 τὸ
563 2403 717 2494 ψήφισμα
738 2412 844 2475 τοῦτο
869 2409 1046 2492 κορῶσαῂ]
1069 2404 1156 2474 κατὰ
1177 2407 1252 2490 τὸ[ν
1275 2405 1342 2489 νό-]

422 2514 526 2596 [μον]·
551 2499 569 2575 ὃ
592 2507 708 2588 κοινὸς
729 2507 909 2592 ξενοδόκος
932 2508 1194 2595 Νεοπτόλ[εμ]ος
1218 2514 1358 2578 Πολοκλ
1374 2561 1380 2576 .
1399 2562 1431 2578 ..

423 2609 533 2695 [κατ]ὰ
554 2609 594 2678 τὸ
615 2610 768 2701 ψήφισμα
791 2602 858 2679 ὑπὸ
881 2616 945 2679 τοῦ
967 2611 1005 2678 ἐν
1025 2636 1048 2698 μ
1065 2665 1072 2680 .
1090 2665 1097 2680 .
1115 2664 1122 2678 .
1140 2665 1146 2679 .
1163 2636 1205 2678 ου
1228 2617 1263 2678 λε
1280 2664 1287 2678 .
1304 2664 1311 2679 .
1329 2665 1335 2678 .

423 2721 504 2782 ΕΩ.
523 2768 530 2782 .
549 2718 615 2782 ΟῨ.

422 2876 487 2935 Ηοο
513 2877 580 2935 loeo
602 2875 814 2951 Neoptolemus
841 2875 976 2952 publieus
1003 2875 1085 2935 testis
1107 2879 1164 2948 est,
1190 2891 1255 2934 oum
1277 2873 1401 2950 Gorgias
1424 2875 1461 2934 ab

337 2979 409 3038 urbe
438 2977 565 3052 Phaytto
594 2979 743 3037 ciuitatem
770 2979 924 3055 aeeeperit.
973 2977 1032 3038 Seri
1060 2977 1216 3038 dilucidius
1242 2977 1376 3053 intellegi
1402 2995 1462 3036 non

337 3084 446 3156 potest,
476 3098 534 3156 qua
564 3080 600 3139 de
630 3098 719 3140 eausa
749 3080 798 3140 hio
827 3082 1013 3156 magistratus
1041 3079 1098 3140 hoo
1120 3083 1187 3140 looo
1210 3083 1364 3157 appareat,
1396 3097 1461 3139 oum

337 3187 469 3243 extrema
489 3183 582 3242 verba
604 3185 729 3244 obseura
749 3183 816 3242 sint.

422 3304 485 3361 lam
504 3303 679 3378 quaerimus,
701 3320 753 3362 our
772 3302 820 3362 hio
840 3303 1025 3378 magistratus
1043 3303 1075 3359 in
1094 3303 1349 3361 manumissionum
1369 3303 1462 3362 titulis

337 3406 510 3466 inveniatur.
558 3405 644 3465 Certe
674 3403 787 3479 aliquid
816 3403 1027 3480 singularitatis
1053 3403 1154 3477 habet,
1184 3403 1263 3479 quod
1289 3409 1357 3463 anto
1383 3404 1461 3463 hune

338 3509 538 3584 magistratum
567 3525 669 3567 servus
698 3508 828 3584 vootigal
855 3507 1008 3583 publieum
1037 3507 1186 3581 quaestori
1215 3506 1343 3565 absolvit
1373 3510 1461 3581 atquo

337 3629 398 3670 non
425 3611 487 3670 sins
517 3611 618 3685 aliqua
647 3627 735 3670 eausa
763 3609 812 3669 hio
840 3610 976 3686 publieus
1005 3610 1087 3668 testis
1116 3607 1208 3667 adest.
1251 3608 1318 3666 Mea
1343 3607 1461 3682 quidem

338 3714 483 3773 sententia
504 3731 550 3772 res
571 3714 614 3773 ita
635 3714 791 3790 explanari
811 3717 908 3789 potest
929 3713 1066 3772 libertum
1084 3712 1261 3787 singularem
1281 3709 1412 3769 ordinem
1430 3711 1461 3769 in

337 3817 410 3876 urbe
440 3817 597 3893 aeeepisso.
649 3815 703 3875 Oui
731 3817 862 3892 opinioni
892 3815 1033 3873 auxilium
1062 3814 1119 3873 fort
1149 3814 1252 3873 titulus
1281 3812 1399 3888 quidam
1429 3814 1461 3871 in

338 3921 436 3979 insula
449 3917 554 3978 Rhodo
569 3921 701 3994 repertus
723 3917 785 3993 (10.
800 3918 857 3977 ΧΠ
871 3919 897 3992 l,
910 3918 993 3992 383),
1014 3917 1065 3992 qni
1078 3916 1124 3976 his
1139 3916 1236 3975 verbis
1251 3920 1388 3977 exaratus
1404 3921 1460 3977 ost:

466 4063 644 4158 Ἐπιγόνοο
663 4070 890 4136 Ῥοδιοτιολίτα
912 4069 1072 4154 μετοίκου
1094 4065 1276 4152 ἐλευθερω·

466 4175 590 4252 θέντος
611 4169 677 4239 ὑπὸ
699 4180 760 4251 τᾶς
782 4169 915 4249 πόλεως
936 4172 994 4237 καὶ
1014 4170 1226 4253 gromsowe
1248 4160 1319 4236 ὑπὸ

467 4284 527 4355 τᾶς
549 4280 676 4357 βουλᾶς
697 4277 754 4342 καὶ
776 4284 840 4342 τοῦ
863 4271 970 4360 δάμοο
993 4274 1049 4340 καὶ
1068 4269 1272 4361 χοραγήοαν-

467 4403 526 4458 τος
549 4379 608 4462 δίς.
