3376 5150
545 623 723 706 Διονύσιος
745 619 813 694 ἀπὸ
837 631 951 714 upa]

543 732 658 798 τείνου
679 732 737 796 καὶ
759 732 986 812 Maarsares]

545 835 625 915 [κ]αὶ
647 825 761 917 Ἀρχία,
782 834 973 919 mutatura

546 933 636 1016 [α’]πὸ
660 935 835 1020 Κρίτωνος
858 936 914 1000 καὶ

544 1033 854 1118 Κλειτοιιό[λ]εοο[ς]
879 1038 936 1102 καὶ
959 1039 1004 1101 Π-

545 1140 782 1224 ολ[υ]κ[ρίτ]ου
805 1139 862 1204 καὶ
884 1139 1041 1221 Ξ(έ)νοον[
1061 1143 1087 1220 -]

545 1245 583 1324 [ς]
606 1245 678 1308 τοῦν
700 1243 876 1328 Κρίτωνος
898 1243 977 1308 οἶαι·

545 1344 700 1430 λευθέρα.

236 1522 300 1581 Hae
331 1521 571 1581 manumissiones
601 1539 676 1597 quae
703 1521 874 1580 libertorum
900 1520 1005 1581 indicis
1031 1539 1101 1599 pars
1128 1539 1191 1583 esse
1217 1521 1363 1596 videntur,

236 1625 312 1684 inter
342 1623 398 1682 duo
428 1625 532 1683 titulos
561 1625 602 1682 ita
632 1627 769 1683 exaratae
800 1627 878 1697 sunt,
911 1628 942 1682 ut
971 1626 1001 1683 in
1030 1625 1144 1701 integro
1173 1624 1274 1701 lapide
1304 1624 1361 1684 duo

233 1726 363 1800 decreta,
386 1744 461 1802 quae
483 1730 603 1803 propter
626 1726 728 1786 eadem
750 1728 869 1786 nemina
891 1726 1020 1786 eiusdem
1035 1728 1138 1786 aetatis
1153 1730 1221 1786 sunt
1242 1728 1274 1802 (4
1282 1746 1307 1801 a,
1322 1728 1362 1803 b),

236 1830 480 1905 insculperentur,
506 1833 609 1905 postea
635 1828 711 1887 infra
733 1830 973 1888 manumissiones
995 1828 1069 1888 haee
1091 1830 1242 1906 inscriptio
1265 1830 1362 1904 sepul-

237 1933 326 1990 eralis
366 1933 483 2008 legatur
519 1933 558 2008 (n.
578 1930 646 2006 50):
687 1923 931 2012 Ἐπαφρόδιτος
963 1927 1217 2012 Ἀγαθοκλέους.
1281 1930 1363 2002 Quae

237 2052 302 2094 eum
342 2034 383 2093 ita
423 2034 497 2107 sint,
537 2035 640 2109 negari
680 2052 740 2093 non
780 2037 877 2109 potest
916 2037 1030 2110 tempus
1069 2036 1159 2112 plane
1195 2035 1362 2110 neglectum

238 2156 317 2210 esse3
355 2155 392 2196 ex
428 2137 490 2196 illis
526 2136 563 2196 oe
600 2137 737 2213 Hypatae
771 2137 864 2196 titulis
897 2138 978 2214 prius
1011 2138 1152 2214 expositis
1186 2139 1282 2197 elueet
1314 2136 1363 2197 bie

237 2244 421 2317 quaestorem
447 2239 527 2299 urbis
555 2243 604 2299 aut
630 2232 830 2324 ἐπιμελητὴν
852 2238 923 2301 τῶν
946 2227 1221 2321 ἇπελευθερικῶν
1240 2229 1364 2321 χρημά-

236 2363 308 2405 των
344 2345 523 2419 exspeetari‚
559 2346 591 2402 ut
625 2343 682 2402 boe
717 2344 805 2402 titulo
841 2345 986 2402 rationum
1022 2342 1238 2403 reddendarum
1275 2361 1363 2402 eausa

236 2450 342 2505 utatur.
386 2446 469 2505 Haeo
496 2444 654 2504 difficultas
681 2446 747 2504 tolli
773 2449 879 2521 potest.
922 2447 998 2504 Nam
1025 2463 1090 2505 eum
1113 2444 1216 2504 tabula
1237 2463 1362 2521 superne

236 2548 331 2608 fraeta
373 2549 422 2620 sit,
466 2548 506 2606 ibi
548 2548 662 2605 initium
705 2548 784 2605 tituli
823 2550 974 2606 exaratum
1015 2564 1078 2607 esse
1119 2547 1273 2623 probabile
1312 2553 1363 2621 est,

238 2650 317 2726 quod
358 2652 494 2725 exemplo
531 2650 686 2724 Hypataeo
724 2649 789 2725 (25)
832 2648 995 2709 confirmari
1035 2653 1144 2726 potest,
1185 2650 1234 2709 ubi
1275 2668 1363 2726 supra

237 2756 266 2811 et
295 2751 372 2810 inira
400 2753 515 2810 titulum
546 2750 755 2810 dedicatorium
784 2752 890 2829 prioris
920 2753 1023 2811 aetatis
1053 2753 1291 2812 manumissiones
1319 2754 1362 2810 in-

238 2854 371 2930 seulptae
394 2856 469 2912 sunt.
1202 2833 1204 2840 ¹

322 2991 384 3048 lam
406 2991 437 3048 iu
460 3008 494 3049 eo
518 2993 572 3064 est,
599 2994 631 3048 ut
654 2994 766 3050 eeteros
787 2991 890 3050 titulos
913 2991 1118 3053 examinemus.
1162 2993 1208 3050 Ex
1230 2992 1363 3051 omnibus

236 3094 329 3153 titulis
371 3094 468 3152 elueet
507 3093 692 3168 magistratus
732 3092 811 3152 urbis
848 3094 945 3152 afferri
981 3095 1090 3168 solere,
1131 3095 1200 3170 quia
1235 3095 1363 3153 rationes

238 3195 396 3256 exhibeant
431 3213 530 3254 earum
567 3196 758 3271 peeuniarum
795 3213 868 3271 quas
901 3198 1069 3256 manumissi
1101 3198 1167 3257 urbi
1199 3197 1362 3257 absolvant.

237 3299 302 3358 Hoe
332 3301 469 3373 quaestor
497 3298 577 3357 urbis
605 3298 703 3358 faeere
733 3301 817 3359 solet.
866 3298 1010 3370 Quoniam
1035 3300 1123 3360 urbes
1149 3299 1362 3359 Thessalorum

236 3400 356 3461 foedere
385 3402 558 3461 eoniunetae
589 3404 667 3476 sunt,
696 3406 815 3479 praetor
840 3406 873 3462 ut
898 3403 1083 3478 magistratus
1110 3420 1272 3480 eponymns
1298 3420 1362 3463 sae-

236 3504 352 3581 pissime
382 3504 413 3561 in
441 3504 533 3562 titulis
563 3503 680 3563 additur
708 3506 750 3563 ita
779 3509 811 3564 ut
840 3504 897 3564 hoe
927 3505 1013 3566 modo
1039 3505 1192 3582 incipiant:
1223 3519 1361 3589 στρατη-

236 3604 382 3687 γοῦντος
403 3603 465 3666 τοῦ
489 3601 607 3679 δεῖνος,
629 3598 849 3686 ταμιεύοντος
870 3605 935 3668 τοῦ
958 3605 1067 3678 δεῖνος
1088 3610 1139 3666 ant
1158 3607 1247 3666 simili
1266 3607 1361 3666 modo.

236 3706 294 3767 Sed
322 3708 481 3766 nonnullos
508 3707 608 3766 titulos
635 3708 799 3768 aeeuratius
825 3709 971 3784 inspieere
998 3709 1136 3786 cogimur,
1166 3710 1217 3785 qui
1243 3709 1279 3769 ab
1306 3707 1361 3768 hae

237 3810 350 3869 ratione
373 3808 530 3869 abhorrere
552 3808 698 3869 videntur.

323 3946 460 4006 Meliteae
476 3945 533 4004 duo
548 3947 626 4006 tituli
642 3951 805 4020 oeeurrunt,
821 3948 869 4023 qui
883 3965 1061 4024 permagnae
1073 3948 1362 4022 illiusinse1iptionis

237 4050 336 4124 partes
358 4052 425 4106 sunt
448 4050 542 4123 (206).
582 4050 669 4108 Initio
689 4050 769 4108 tituli
788 4051 842 4108 lla
861 4051 1047 4125 magistratus
1068 4053 1254 4127 exspectatur
1274 4054 1361 4125 atque

237 4151 268 4208 in
290 4154 398 4226 eetypo
420 4151 481 4227 legi
502 4154 615 4226 potest:

545 4315 764 4404 ταμιεύοντος
786 4320 1012 4398 Καλλιτέλους

545 4424 633 4502 τ[οὗ]
655 4424 728 4488 Πολ
752 4472 932 4489 ........
