3376 5150
1294 395 1353 456 121

316 569 400 628 Haeo
414 570 545 628 extrema
556 567 647 627 verbe
662 570 797 644 spectant
807 566 846 626 ad
858 567 1016 626 nonnullos
1027 567 1136 641 titulos,
1152 567 1202 642 qni
1214 566 1357 642 singulari

231 671 472 747 interpretatione
492 669 573 745 digni
593 672 669 747 sunt,
687 668 759 744 qnid
772 669 828 728 sibi
842 669 937 728 velint
951 672 983 728 ut
998 672 1200 745 cognoscatur.
1232 669 1356 728 Trieeae

231 773 334 833 titulus
356 792 384 832 n.
401 773 489 831 eona
509 773 633 849 praebet
654 770 723 831 hoe:

232 937 264 1025 [ἡ
290 939 382 1004 δεῖνα
403 965 424 1027 η
446 930 832 1024 ἀτ]ελε[υ]θερωθεϊ[σα]
856 929 923 1004 ὑπὸ
944 939 1045 1003 Ἀντι-

232 1044 244 1121 [
246 1089 365 1103 ......
366 1043 378 1120 ]
401 1042 465 1105 τοῦ
489 1037 695 1124 Παραμόνου
718 1035 844 1104 ἔδωκεν
868 1034 908 1103 τὰ
930 1035 1115 1123 γινό[μενα]

232 1138 331 1223 [ἀντὶ]
350 1148 420 1207 τῶν
439 1139 616 1226 στατήρων
633 1144 674 1224 τῆ
692 1139 790 1206 πόλει
809 1135 974 1226 (δηνάρια)
993 1137 1087 1221 κβ<’
1107 1128 1208 1228 ταμίᾳ
1223 1133 1355 1224 Κῆρα]

232 1239 301 1329 νόῳ
320 1235 538 1327 Ἡρακλείδου
561 1243 719 1308 ἐναντίον
739 1245 846 1327 ταγοῦ
866 1236 1086 1325 Ἀντιπάτρου

231 1349 294 1410 τοῦ
315 1341 507 1430 Ἀντιγόνου
529 1345 586 1410 καὶ
609 1346 728 1409 κοινοῦ
752 1341 938 1426 ξενοδόκου
962 1345 1141 1429 Διογένους

230 1449 293 1512 τοῦ
316 1448 497 1513 Διονυσίου
521 1451 591 1512 κτλ.

316 1621 388 1681 (ium
416 1622 447 1679 in
477 1622 582 1681 esteris
611 1619 697 1680 huius
725 1620 833 1698 lapidis
862 1621 1136 1681 manumissionibus
1162 1620 1219 1680 hoe
1241 1620 1355 1681 addita·

231 1727 359 1784 mentum
382 1722 469 1798 desit,
495 1722 558 1782 fieri
580 1740 639 1781 nen
660 1726 770 1799 petest,
793 1724 864 1799 quin
885 1724 916 1781 in
938 1722 994 1782 hae
1015 1741 1048 1782 re
1070 1723 1184 1799 aliquid
1207 1725 1355 1799 singulare

230 1827 329 1898 fuerit;
349 1824 427 1901 quod
447 1824 633 1885 confirmatur
652 1826 737 1885 titulo
756 1826 896 1884 Larisaeo
916 1845 943 1883 n.
959 1826 1029 1898 558,
1049 1825 1099 1884 nbi
1117 1826 1217 1884 liberti
1236 1825 1355 1901 quidam

231 1932 298 1988 ante
321 1928 399 1987 hune
421 1929 573 2004 publicum
595 1931 701 1988 testem
716 1928 884 1987 libertatem
900 1927 1055 2003 ascipiunt,
1077 1929 1177 2003 itaque
1200 1913 1218 1989 ὁ
1241 1919 1355 2001 κοινὰς

231 2024 411 2108 ξενοδοκος
433 2029 489 2090 hoe
512 2029 598 2090 modo
621 2029 749 2090 additur:

315 2299 414 2381 [κατὰ
440 2296 502 2367 τὸν
529 2298 637 2386 νόμον
664 2300 757 2382 τοὺς]
784 2305 947 2390 στατῆρας
974 2302 1170 2368 δεκαπέντε·
1202 2300 1235 2389 [ἡ
1263 2303 1355 2368 δεῖνα

442 2402 450 2427 C
504 2429 536 2469 α-

315 2507 409 2593 [μένη
433 2408 747 2593 7Ξίττᾳῆλε1υθεροῦσθαι
777 2499 844 2572 ἀπὸ
877 2554 1111 2570 ...........
1142 2503 1221 2584 τοὺς
1251 2511 1353 2592 γινο]

314 2610 435 2694 μένους
464 2613 504 2692 τῆ
532 2607 632 2675 πόλει
661 2608 858 2689 ἒ[να]ν[τίον
886 2612 1006 2674 κοινοῦ
1035 2605 1220 2692 ξενοδόκου
1247 2628 1354 2674 nemen

432 2706 531 2792 (κατὰ
556 2707 618 2778 τὸν
645 2709 763 2795 νόμον)
773 2713 797 2779 1)
820 2703 900 2788 τούς
923 2715 1087 2799 στατῆρας
1110 2713 1304 2778 δεκαπέντε·
1332 2705 1353 2801 ῆ

434 2816 526 2881 δεῖνα
548 2803 569 2903 ῆ
592 2819 666 2897 φα]

250 2922 269 2980 5
312 2917 422 3004 μέν[η]
439 2917 742 3004 ἀπῆλευθεροὸσθαι
760 2909 840 2998 [ἀπὸ
854 2965 1246 2982 ..................
1261 2915 1353 2998 τοὺς]

315 3021 511 3106 γινομένους
532 3024 574 3104 τῆ
595 3016 693 3086 πόλει
716 3018 872 3086 ἐναντίον
893 3022 1025 3100 [κοινοῦ
1044 3016 1228 3103 ξενοδόκου
1247 3043 1353 3086 nomen

432 3121 518 3190 κατὰ
539 3124 614 3205 τὸν]

314 3223 420 3311 νόμον
442 3221 521 3304 τοὺς
543 3230 707 3314 στατῆρας
730 3227 925 3292 δεκαπέντε·
951 3232 1070 3307 [nomen
1092 3217 1112 3313 ἡ
1137 3233 1250 3313 φαμε-]

314 3352 355 3414 νη
378 3322 686 3415 αἀηλευθεροόσθαι
708 3325 774 3396 αἰπὰ
794 3327 1033 3415 Λεοντοδάμας
1054 3334 1112 3419 τῆς
1132 3333 1255 3412 [δεῖνος
1275 3328 1354 3410 τοὺς

433 3432 574 3518 γινομέ-]

313 3556 392 3612 νους
421 3538 463 3618 τῆ
491 3532 589 3600 πόλει
615 3535 773 3601 ἐναντίον
795 3539 915 3602 κοινοῦ
937 3531 1122 3618 ξενοδόκου
1145 3529 1230 3619 'lini
1231 3587 1352 3602 .......

432 3635 519 3702 κατὰ
541 3633 603 3702 τὸν
626 3635 744 3722 νόμον]

229 3743 268 3800 10
312 3735 392 3817 τοὺς
421 3741 586 3826 στατῆρας
616 3741 814 3806 δεκαπέντε·
848 3746 967 3822 [nomen
996 3731 1016 3829 ῆ
1047 3740 1178 3829 φαμένη
1208 3734 1352 3830 ἀπηλευ-

432 3845 606 3928 θερῶσθαι
629 3834 697 3907 α’πὸ
719 3847 814 3923 κτλ.].

313 4016 385 4076 Cum
406 4015 491 4078 huius
513 4019 592 4077 tituli
613 4019 727 4078 initium
749 4018 824 4079 desit
846 4023 934 4096 atque
956 4025 1054 4081 cetera
1076 4023 1146 4081 satis
1167 4023 1271 4081 mutila
1286 4022 1352 4096 sint,

227 4117 346 4178 difficile
370 4124 415 4178 est
436 4118 529 4194 dictu,
551 4119 630 4195 qnod
652 4126 853 4197 argumentum
877 4127 1069 4199 exspectetur.
1113 4124 1185 4184 (ium
1207 4123 1352 4184 formulae

314 4370 335 4439 ¹)
353 4371 429 4425 Hsee
447 4370 539 4441 verbs,
558 4371 634 4440 quod
651 4372 769 4442 spatium
786 4389 842 4430 non
857 4373 986 4445 abundat,
1004 4374 1153 4446 slepieids
1166 4375 1266 4450 omissa
1280 4380 1351 4433 sunt.
