3376 5150
336 437 396 498 104

419 609 569 669 Prioribus
590 609 732 685 exemplis
752 608 869 668 collatis
890 609 976 683 atque
992 625 1024 667 re
1038 608 1115 666 bene
1130 607 1249 682 cognita
1263 606 1382 667 dubium
1396 625 1456 667 non

335 729 399 772 csse
425 715 532 788 potest,
560 713 630 787 quin
656 710 858 786 compendium
884 711 915 769 in
941 729 969 769 n.
985 710 1055 784 546,
1072 710 1112 768 25
1139 708 1176 768 ad
1200 697 1456 791 ἀπελευθέρου)

335 814 530 891 supplendum
560 815 604 876 sit.
658 815 815 873 Praeterea
844 813 939 872 conici
967 816 1063 889 potest
1092 812 1149 872 duo
1178 813 1290 886 titulos,
1325 813 1456 887 quamvis

334 917 440 976 litteris
467 920 664 990 secernantur,
690 917 721 974 in
742 915 819 975 idem
841 919 955 991 tempus
978 914 1096 989 cadere,
1124 918 1211 989 atque
1233 915 1264 973 in
1286 916 1371 974 titulo
1394 915 1455 974 546

334 1036 394 1077 non
429 1011 659 1102 Φιλοδ[ἡμσυ],
694 1017 747 1077 sed
782 1010 981 1098 Φιλοδώρου
1014 1016 1228 1076 emendandum
1261 1034 1333 1076 esse.
1390 1018 1457 1077 Huc

334 1120 489 1180 referenda
530 1125 596 1180 sunt
635 1121 690 1179 nisi
730 1119 822 1179 fallor
862 1120 940 1179 tituli
978 1119 1210 1179 Perrhaeborum
1251 1119 1343 1178 verba
1382 1119 1457 1179 haec

335 1222 374 1298 (n.
388 1224 469 1282 1268
483 1223 550 1299 IX):
571 1215 772 1303 Παράμονσς
792 1219 812 1284 ὁ
830 1217 1146 1300 ἄπελευθερωθῂίς]
1168 1213 1237 1283 ὑπὸ
1256 1218 1456 1299 destinamur]

337 1321 427 1401 [d]ori
460 1321 496 1386 δὲ
526 1329 586 1407 τῆς
617 1316 763 1406 Χάριτος
793 1311 1057 1404 ιίιι[ελ]ευθίρας.
1112 1324 1167 1382 Hic
1196 1322 1350 1400 Philippus
1380 1322 1457 1382 filius

335 1427 461 1487 libertae
490 1425 668 1502 significatur
697 1430 784 1501 atque
813 1427 876 1485 iure
906 1427 967 1485 eius
997 1429 1122 1500 patrona
1150 1425 1275 1484 additur.
1325 1427 1401 1485 Nam
1427 1427 1459 1484 in

336 1547 435 1588 errore
459 1532 592 1588 versatur
617 1529 654 1604 is,
681 1529 730 1604 qui
753 1527 900 1588 Oharitem
926 1526 1061 1587 libertam
1089 1545 1152 1587 esse
1177 1528 1345 1600 arbit1·etur;
1371 1529 1457 1587 immo

336 1650 406 1691 vero
429 1630 531 1691 Charis
557 1634 681 1706 patrona
706 1630 759 1689 filii
784 1630 868 1689 huius
894 1629 1019 1689 libertae
1045 1633 1096 1690 est.
1141 1630 1222 1701 Quae
1247 1648 1294 1689 res
1317 1631 1342 1689 si
1364 1631 1405 1689 ita
1427 1649 1458 1690 se

335 1734 436 1807 hahet,
458 1733 547 1793 facile
568 1733 727 1808 intellegis,
749 1751 801 1792 cur
822 1733 875 1791 illa
897 1733 988 1791 verba
1010 1731 1111 1791 addita
1132 1733 1197 1791 sint.

421 1837 462 1896 Ut
490 1835 629 1910 Athenis,
661 1838 702 1895 ita
735 1836 822 1895 etiam
854 1837 885 1893 in
917 1835 1037 1894 urbibus
1067 1834 1240 1895 Thessaliae
1273 1836 1458 1911 magistratus

336 1941 428 1998 servis
455 1938 612 1998 utebantur
637 1937 675 1996 ad
701 1939 821 2013 negotia
846 1939 967 2014 publica
991 1936 1178 2012 perficienda.
1222 1939 1316 1997 Huius
1343 1940 1458 2012 generis

336 2059 452 2101 servum
480 2042 557 2115 lapis
586 2041 758 2116 sepulcralis
784 2041 904 2099 Larisae
933 2060 961 2099 n.
980 2042 1039 2098 871
1071 2041 1226 2098 memoriae
1254 2039 1384 2116 prodidit
1413 2039 1458 2100 his

336 2144 434 2202 verbis
467 2143 605 2218 scriptus:
641 2135 794 2206 Ὑάκινθε
827 2140 1020 2224 Λαρισαίων
1053 2137 1189 2222 δημόσιε
1220 2132 1308 2226 ἥρως
1338 2138 1459 2225 χρηστὲ

334 2254 436 2324 χαῖρε.
482 2243 563 2315 Quae
582 2262 641 2303 vox
662 2245 693 2303 in
716 2244 839 2304 eundem
862 2263 978 2304 sensum
998 2245 1077 2304 cadit
1096 2249 1184 2321 atque
1203 2244 1279 2303 illud
1298 2247 1458 2304 Romanum

336 2365 437 2406 servus
459 2348 602 2423 publicus.
641 2348 785 2406 Nimirum
807 2346 920 2420 accidit,
942 2352 974 2405 ut
995 2347 1026 2406 hi
1047 2349 1124 2406 servi
1146 2348 1183 2406 ab
1203 2349 1274 2407 urbe
1293 2348 1459 2407 libertatem

336 2450 490 2524 accipiant,
516 2450 599 2508 utin
621 2449 778 2509 Thessalia
800 2467 889 2507 unum
911 2451 1077 2525 exemplum
1099 2451 1246 2510 invenitur
1268 2451 1387 2525 Atrace,
1409 2450 1459 2509 ubi

336 2552 410 2612 haee
438 2553 469 2610 in
498 2553 583 2611 titulo
609 2572 641 2610 n.·
652 2551 715 2610 464
740 2553 893 2628 leguntur:
924 2545 1100 2632 Πάμφιλος
1126 2549 1305 2614 Διονυσίου
1333 2546 1351 2614 ὁ
1381 2540 1460 2614 oinc-

337 2651 564 2734 λευθερωθεὶς
592 2643 662 2714 ὑπὸ
692 2652 750 2737 τῆς
775 2641 955 2734 Άτραγίων
985 2646 1115 2725 πόλεως
1140 2648 1226 2715 κατὰ
1253 2647 1314 2715 τὸν
1341 2645 1458 2734 νόμον.

336 2756 427 2833 Apud
450 2755 583 2832 Delphos
608 2755 685 2815 hanc
712 2758 966 2814 manumissionem
990 2756 1111 2831 praehet
1134 2757 1215 2814 solus
1237 2757 1338 2815 titulus
1361 2756 1459 2815 SGDI.

340 2859 435 2918 1706:
475 2849 648 2938 ’Άρχοντος
688 2845 862 2939 Εὐσώρου,
903 2851 1006 2940 μηνὸς
1044 2843 1272 2939 Δαιδαφορίου
1311 2847 1458 2919 ἀπέδοτο

337 2947 358 3022 ἆ
390 2953 487 3034 πόλις
519 2959 589 3022 τῶν
622 2960 764 3038 Δελφῶν
796 2959 858 3021 τῶι
885 2952 1070 3022 Ἀπόλλωνι
1102 2959 1164 3022 τῶι
1198 2957 1334 3022 Πυθίωι
1366 2957 1460 3041 σῶμα

337 3051 502 3144 ἀνδρεῖον,
539 3047 580 3124 ode
618 3053 726 3143 ὄνομα
760 3051 944 3143 Εὗτυχίδας
978 3059 1137 3143 lodoycus}
1170 3061 1266 3142 τιμᾶς
1298 3059 1460 3143 ἀργυρίου

336 3165 424 3245 μνᾶν
451 3158 633 3244 τεσσάρων,
659 3157 776 3238 καθώς
797 3159 970 3226 ἐπίστευσε
992 3153 1177 3245 Εὐτυχίδας
1198 3157 1262 3225 τὰν
1283 3152 1377 3226 οίνὰν
1399 3163 1461 3225 τῶι

338 3266 436 3344 droit,
465 3256 516 3344 ἐφ’
539 3253 620 3328 ὅτωι
650 3258 831 3347 ἐλεύθερον
860 3259 949 3346 εἶμεν
977 3265 1031 3328 καὶ
1059 3255 1256 3345 ἀνέφαινον
1282 3253 1350 3328 ἀπὸ
1377 3259 1461 3328 noiv-

336 3388 408 3430 των
430 3363 492 3431 τὸν
511 3361 622 3430 πάντα
639 3364 725 3446 βίον,
746 3365 803 3428 καὶ
822 3363 887 3430 τὰν
906 3361 1005 3450 τιμὰν
1026 3362 1088 3450 ἔχει
1108 3367 1231 3430 πᾶσαν.
1264 3361 1460 3453 Βεβαιωτὴρ

337 3462 424 3531 κατὰ
445 3462 527 3544 τούς
548 3464 673 3550 νόμους
695 3468 755 3544 τᾶς
777 3463 895 3544 πόλιος
990 3463 1156 3551 μάρτυροι

422 3573 572 3633 Interdum
601 3573 765 3649 complures
794 3591 910 3632 servum
939 3574 1156 3646 manumittunt3
1185 3573 1279 3632 veluti
1306 3572 1338 3631 in
1366 3572 1461 3632 titulis

338 3678 501 3754 Hypataeis
522 3676 597 3736 haec
619 3678 756 3753 exempla
777 3681 944 3736 occurrunt:

423 3850 451 3889 n.
469 3831 507 3888 13
553 3827 670 3891 Φίλων
690 3825 748 3890 καὶ
770 3824 961 3911 Κλεόμαχος
982 3827 1039 3891 καί
1063 3827 1178 3891 Φίλων

451 3935 472 3990 l.
486 3934 508 3992 1.
552 3919 692 4014 Ἀκρίων
714 3930 770 3994 καί
794 3930 1008 4013 Πολέμαρχος
1029 3929 1085 3992 καὶ
1104 3919 1243 4014 Ἆκρίων

451 4037 510 4094 1.1.
553 4031 751 4117 Μένανδρος
772 4031 828 4096 καὶ
851 4032 1047 4115 Μένανδρος
1069 4031 1125 4097 καὶ
1152 4031 1332 4109 Φίλιππος.

424 4186 481 4258 Qui
509 4189 565 4247 viri
594 4189 665 4264 quin
693 4189 794 4265 aliqua
820 4187 1035 4247 necessitudine
1061 4188 1138 4247 inter
1164 4205 1195 4248 se
1222 4189 1370 4249 coniuncti
1396 4189 1462 4262 sint,

338 4289 457 4350 dubium
488 4310 548 4351 non
581 4296 637 4364 est;
670 4296 757 4368 atque
789 4293 831 4351 ita
862 4291 906 4366 fit,
939 4295 970 4351 ut
1001 4294 1085 4367 pater
1114 4293 1233 4368 eiusque
1263 4292 1317 4352 filii
1346 4310 1461 4353 servum

338 4393 474 4454 libertate
511 4393 628 4453 donent.
686 4395 839 4454 Nonnulla
875 4395 1013 4469 exempla
1047 4394 1089 4453 ita
1123 4393 1284 4472 finguntur,
1319 4398 1352 4455 ut
1387 4393 1462 4454 haec
