3376 5150
586 569 825 652 [Pappaobxod
847 568 996 633 Δακικοῦ
1016 570 1197 653 Παρθικοῦ

586 717 706 732 ......
719 664 824 754 μηνὸς
846 667 1011 757 ἐκκλησίᾳ,
1022 672 1044 749 ¹)

415 808 500 869 Unde
523 808 706 868 manifestum
726 813 770 870 est
784 809 944 869 Thessalos
962 810 1042 885 ipsos
1060 811 1222 870 recentiore
1241 814 1337 871 aetate
1353 828 1452 871 servos

330 912 360 970 in
384 913 518 971 contione
540 911 748 971 manumisisse.

798 1356 911 1433 Oaput
934 1356 983 1415 lV.

646 1516 705 1585 De
733 1513 929 1595 vectigali
954 1513 1135 1596 publico.

414 1665 450 1722 In
483 1663 640 1724 Thessalia
672 1665 863 1723 manumissus
895 1663 960 1723 urbi
993 1665 1120 1739 vectigal
1153 1664 1316 1740 publicum,
1353 1682 1452 1723 manu-

330 1768 442 1826 missori
466 1767 592 1842 pretium
618 1767 852 1826 manumissionis
878 1766 1013 1826 absolvit
1061 1765 1141 1825 lllud
1167 1767 1235 1843 lege
1261 1767 1453 1840 constituitur,

330 1868 361 1928 id
397 1869 474 1944 quod
512 1886 548 1928 ex
580 1869 679 1928 verbis
717 1863 797 1940 δοὺς
829 1863 872 1930 τὰ
905 1861 1063 1948 γινόμενα
1096 1862 1132 1929 ἐκ
1165 1868 1230 1930 τοῦ
1263 1862 1370 1949 νόμου
1403 1873 1454 1928 aut

330 1970 474 2029 similibus
500 1969 588 2029 facile
615 1971 825 2046 cognoscimus.
868 1971 1025 2044 dunubio,
1052 1988 1127 2045 quae
1148 1971 1180 2028 in
1201 1972 1293 2030 titulis
1315 1972 1453 2048 Hypatae

330 2075 359 2130 et
391 2072 511 2130 Lamiae
547 2070 615 2130 huic
651 2070 795 2131 formulae
832 2071 991 2145 adduntur,
1027 2071 1104 2131 hanc
1140 2073 1294 2148 pecuniam
1330 2077 1454 2150 apparet

330 2191 366 2232 eo
388 2192 406 2232 a
428 2173 540 2232 libertis
567 2172 664 2231 datam
688 2189 765 2246 esse,
791 2173 870 2248 qnod
892 2175 961 2232 urbs
984 2177 1034 2231 aut
1056 2174 1117 2232 eius
1139 2175 1325 2248 magistratus
1346 2176 1409 2234 sive
1432 2168 1451 2237 ὁ

329 2273 447 2355 ταμίας
476 2276 538 2335 sivo
568 2269 586 2337 ὁ
617 2270 721 2356 ταγός
750 2277 814 2336 sive
844 2277 919 2335 alius
948 2276 1069 2335 libertos
1098 2276 1195 2351 gratia
1224 2280 1253 2335 et
1281 2275 1392 2336 honoro
1422 2278 1453 2335 in

328 2379 424 2438 lucem
453 2378 617 2454 prodeundi
645 2379 750 2438 affecit.
800 2380 888 2437 Hunc
916 2396 998 2438 usum
1026 2379 1085 2437 iam
1115 2379 1146 2437 in
1175 2380 1261 2438 tertio
1292 2398 1317 2438 a.
1338 2378 1405 2439 Ohr.
1424 2399 1454 2440 n.

330 2483 449 2541 saeculo
478 2482 508 2540 in
538 2499 591 2541 usu
620 2481 708 2540 tuisse
739 2499 776 2540 ex
801 2482 887 2540 titulo
915 2483 972 2539 221
1003 2481 1236 2541 Thaumacorum
1264 2482 1453 2557 aliorumque,

330 2585 381 2660 qui
406 2587 526 2660 propter
552 2586 747 2643 litteraturam
774 2588 803 2643 ct
825 2583 982 2644 dialectum
1005 2584 1043 2642 ad
1065 2583 1121 2643 hoc
1143 2584 1205 2643 fere
1228 2588 1342 2660 tempus
1363 2585 1453 2659 perti·

330 2690 412 2762 nent,
441 2687 560 2746 elucere
587 2686 714 2758 videtur3
744 2686 800 2746 hoc
826 2691 923 2745 autem
949 2687 1079 2762 vectigal
1104 2687 1162 2744 iam
1188 2687 1269 2762 prius
1296 2705 1314 2744 a
1339 2686 1453 2745 libertis

331 2790 428 2850 datum
458 2808 521 2850 csse
548 2809 642 2866 neque
669 2808 803 2866 umquam
830 2789 904 2850 haec
926 2792 1050 2867 pecunia
1073 2785 1254 2852 δεκαπέντε
1277 2782 1453 2873 στατήρων

330 2895 392 2952 sive
411 2888 515 2955 εἴκοσι
536 2885 597 2955 δύο
617 2881 716 2976 ἥμισυ
736 2892 886 2952 denarium
906 2896 1043 2952 mutatam
1064 2910 1129 2952 csse
1146 2893 1333 2968 suspicamur,
1353 2909 1453 2967 quam·

330 3013 416 3070 quam
442 3013 534 3071 usque
561 2997 599 3055 ad
624 2997 740 3054 tertium
768 3014 796 3071 p.
812 2996 877 3056 Obr.
897 3015 925 3055 n.
945 2995 1095 3055 saeculum
1121 2995 1152 3052 in
1177 3012 1231 3053 usu
1257 2993 1319 3054 fuit.
1363 2993 1454 3069 Apud

330 3099 476 3157 Romanos
513 3098 615 3156 similis
652 3114 713 3156 mos
747 3097 876 3172 vigebat3
913 3115 931 3154 a
962 3098 1074 3155 Manlio
1107 3097 1184 3155 euim
1216 3097 1351 3169 consule,
1389 3113 1454 3154 cnm

330 3218 355 3257 a.
372 3201 432 3258 357
460 3218 485 3257 a.
501 3199 566 3259 Ohr.
581 3219 609 3256 n.
639 3199 728 3258 Sutrii
757 3198 891 3271 sedebat,
924 3199 1063 3257 vicesima
1092 3199 1346 3257 manumissionum
1378 3215 1454 3273 quae

330 3302 447 3380 dicitur,
477 3299 597 3359 inducta
626 3303 656 3358 ot
684 3319 702 3358 a
731 3304 834 3359 senatu
864 3304 986 3376 accepta
1013 3303 1057 3358 cst
1078 3300 1196 3374 (Liui,
1214 3300 1273 3374 16).
1318 3299 1375 3358 Sed
1397 3300 1454 3359 hoc

330 3405 459 3478 vectigal
481 3403 640 3478 spectabat,
663 3403 765 3477 quanti
779 3403 971 3461 manumissus
986 3403 1230 3477 aestimaretur32)
1252 3403 1283 3459 in
1297 3401 1454 3460 Thessalia

330 3508 426 3564 autem
455 3522 502 3564 res
530 3506 572 3564 ita
600 3523 632 3564 se
661 3504 762 3577 habet,
790 3508 822 3563 nt
847 3505 977 3580 vectigal
1005 3523 1023 3562 a
1050 3506 1117 3580 lege
1143 3508 1280 3563 accurate
1303 3503 1453 3563 definitum

329 3607 374 3666 sit.
432 3608 587 3666 Praeterea
622 3609 672 3666 lex
709 3610 753 3666 cst
789 3624 853 3665 eum
891 3623 1006 3682 qnoque
1040 3607 1189 3679 libertum,
1231 3623 1317 3680 quem
1353 3624 1453 3664 mann·

330 3710 432 3769 missor
452 3709 619 3769 conditione
639 3709 777 3768 manendi
796 3701 997 3790 (παραμονή)
1014 3709 1193 3783 liberaverit,
1212 3708 1289 3767 hanc
1305 3706 1453 3766 definitam

329 3814 483 3888 pecuniam
508 3813 574 3872 urbi
599 3813 765 3886 absolvere,
792 3829 888 3887 neque
914 3812 939 3871 is
966 3812 1016 3885 qui
1038 3811 1166 3887 gratuito
1189 3810 1453 3884 manumittebatnr‚

415 4031 436 4099 ¹)
462 4030 582 4085 Litterae
610 4029 685 4097 illae,
715 4044 785 4099 quae
814 4029 842 4083 in
870 4029 991 4099 margine
1019 4033 1122 4097 cutam,
1152 4027 1268 4083 fortasse
1294 4028 1391 4083 melius
1418 4027 1453 4082 ad

328 4115 437 4170 nomina
457 4115 598 4170 columnae
616 4115 739 4170 sinistrae
756 4115 880 4184 perditae
898 4114 992 4170 referri
1008 4118 1136 4184 possunt,
1159 4118 1189 4168 ut
1207 4113 1386 4182 suppleantur
1403 4113 1453 4168 ita:

329 4199 397 4271 -o[o]
414 4201 419 4270 Ι
434 4194 514 4254 -άτου
529 4203 533 4269 l
549 4193 667 4271 -]ράτου.

415 4287 436 4356 ²)
454 4285 497 4339 De
516 4285 566 4340 hac
584 4301 613 4341 re
632 4286 662 4340 0.
675 4285 833 4341 Hirschfeld
849 4285 961 4340 uberius
980 4285 1038 4354 egit
1054 4285 1082 4339 in
1099 4284 1169 4340 libro
1190 4283 1258 4352 „Die
1273 4283 1454 4339 kaiserllchen

331 4370 648 4440 Verwaltungsboamten
666 4371 709 4427 bis
727 4370 776 4427 auf
790 4370 974 4443 Diokletian⁸,
991 4369 1112 4426 berolini
1130 4375 1203 4440 1905,
1221 4387 1248 4441 p.
1260 4374 1308 4424 106
1317 4384 1377 4440 sqq.
