<?xml version="1.0" encoding="UTF-8"?>
<!DOCTYPE html PUBLIC "-//W3C//DTD XHTML 1.0 Transitional//EN"
    "http://www.w3.org/TR/xhtml1/DTD/xhtml1-transitional.dtd">
<html xmlns="http://www.w3.org/1999/xhtml" xml:lang="en" lang="en">
 <head>
  <title>
</title>
<meta http-equiv="Content-Type" content="text/html;charset=utf-8" />
  <meta name='ocr-system' content='tesseract 3.04.00' />
  <meta name='ocr-capabilities' content='ocr_page ocr_carea ocr_par ocr_line ocrx_word'/>
</head>
<body>
  <div class='ocr_page' id='page_1' title='image "./demanumissionum00rensgoog_0061.png"; bbox 0 0 3376 5150; ppageno 0'>
   <div class='ocr_carea' id='block_1_1' title="bbox 325 443 384 500">
    <p class='ocr_par' dir='ltr' id='par_1_1' title="bbox 325 443 384 500">
     <span class='ocr_line' id='line_1_1' title="bbox 325 443 384 500; baseline 0 0"><span class='ocrx_word' id='word_1_1' title='bbox 325 443 384 500; x_wconf 88' lang='grc'><strong>116</strong></span> 
     </span>
    </p>
   </div>
   <div class='ocr_carea' id='block_1_2' title="bbox 323 565 1447 796">
    <p class='ocr_par' dir='ltr' id='par_1_2' title="bbox 323 565 1447 796">
     <span class='ocr_line' id='line_1_2' title="bbox 323 565 1447 693; baseline -0.016 -8"><span class='ocrx_word' id='word_1_2' title='bbox 323 565 343 672; x_wconf 22' lang='grc' dir='ltr'><strong>·Ι</strong></span> <span class='ocrx_word' id='word_1_3' title='bbox 346 656 641 672; x_wconf 89' lang='lat'><strong>··············</strong></span> <span class='ocrx_word' id='word_1_4' title='bbox 664 612 829 675; x_wconf 71' lang='grc' dir='ltr'><em>ΕΙΣΘῙΚ</em></span> <span class='ocrx_word' id='word_1_5' title='bbox 848 604 916 674; x_wconf 74' lang='grc' dir='ltr'><strong>ἀπὸ</strong></span> <span class='ocrx_word' id='word_1_6' title='bbox 940 610 1136 689; x_wconf 80' lang='grc' dir='ltr'><strong><em>Πε[τ]αλο[ὗ</em></strong></span> <span class='ocrx_word' id='word_1_7' title='bbox 1158 611 1221 674; x_wconf 85' lang='grc' dir='ltr'><strong>τοῦ</strong></span> <span class='ocrx_word' id='word_1_8' title='bbox 1239 604 1412 693; x_wconf 78' lang='grc' dir='ltr'><strong><em>Ἀμύντου]</em></strong></span> <span class='ocrx_word' id='word_1_9' title='bbox 1424 612 1447 689; x_wconf 82' lang='grc'><strong>1)</strong></span> 
     </span>
     <span class='ocr_line' id='line_1_3' title="bbox 325 705 1446 796; baseline 0 -20"><span class='ocrx_word' id='word_1_10' title='bbox 325 707 467 791; x_wconf 70' lang='grc' dir='ltr'><strong><em>[ἔδωκεν</em></strong></span> <span class='ocrx_word' id='word_1_11' title='bbox 488 714 529 794; x_wconf 79' lang='grc' dir='ltr'><strong>τη</strong></span> <span class='ocrx_word' id='word_1_12' title='bbox 551 708 663 791; x_wconf 51' lang='lat' dir='ltr'><strong>ndum</strong></span> <span class='ocrx_word' id='word_1_13' title='bbox 686 705 728 775; x_wconf 83' lang='grc' dir='ltr'><strong>τὰ</strong></span> <span class='ocrx_word' id='word_1_14' title='bbox 747 706 922 796; x_wconf 81' lang='grc' dir='ltr'><strong><em>γεινόμενα</em></strong></span> <span class='ocrx_word' id='word_1_15' title='bbox 943 707 1121 796; x_wconf 80' lang='grc' dir='ltr'><strong><em>θ[(ηνάρια)</em></strong></span> <span class='ocrx_word' id='word_1_16' title='bbox 1140 706 1195 790; x_wconf 78' lang='grc' dir='ltr'><strong>κβ’</strong></span> <span class='ocrx_word' id='word_1_17' title='bbox 1216 705 1384 792; x_wconf 56' lang='grc' dir='ltr'><strong>ὀβολούς)</strong></span> <span class='ocrx_word' id='word_1_18' title='bbox 1404 709 1446 791; x_wconf 86' lang='lat' dir='ltr'><strong>d&#39;]</strong></span> 
     </span>
    </p>
   </div>
   <div class='ocr_carea' id='block_1_3' title="bbox 293 868 1449 3690">
    <p class='ocr_par' dir='ltr' id='par_1_3' title="bbox 316 868 1449 2480">
     <span class='ocr_line' id='line_1_4' title="bbox 408 868 1448 942; baseline 0 -14"><span class='ocrx_word' id='word_1_19' title='bbox 408 868 480 928; x_wconf 82' lang='lat' dir='ltr'><strong>Onrn</strong></span> <span class='ocrx_word' id='word_1_20' title='bbox 513 868 640 929; x_wconf 82' lang='lat' dir='ltr'><strong>formula</strong></span> <span class='ocrx_word' id='word_1_21' title='bbox 673 870 812 929; x_wconf 89' lang='lat' dir='ltr'><strong>solemnis</strong></span> <span class='ocrx_word' id='word_1_22' title='bbox 845 868 977 928; x_wconf 87' lang='lat' dir='ltr'><strong>adhibita</strong></span> <span class='ocrx_word' id='word_1_23' title='bbox 1010 870 1059 942; x_wconf 87' lang='lat' dir='ltr'><strong>sit,</strong></span> <span class='ocrx_word' id='word_1_24' title='bbox 1096 869 1178 927; x_wconf 89' lang='lat' dir='ltr'><strong>initio</strong></span> <span class='ocrx_word' id='word_1_25' title='bbox 1210 887 1311 929; x_wconf 88' lang='lat' dir='ltr'><strong>versus</strong></span> <span class='ocrx_word' id='word_1_26' title='bbox 1344 887 1448 929; x_wconf 81' lang='lat' dir='ltr'><strong>vocem</strong></span> 
     </span>
     <span class='ocr_line' id='line_1_5' title="bbox 324 958 1448 1052; baseline -0.001 -20"><span class='ocrx_word' id='word_1_27' title='bbox 324 958 647 1052; x_wconf 76' lang='grc' dir='ltr'><strong><em>[ααελευθεροοθ]εὶς</em></strong></span> <span class='ocrx_word' id='word_1_28' title='bbox 683 972 817 1047; x_wconf 87' lang='lat' dir='ltr'><strong>suppleri</strong></span> <span class='ocrx_word' id='word_1_29' title='bbox 852 989 939 1048; x_wconf 90' lang='lat' dir='ltr'><strong>posse</strong></span> <span class='ocrx_word' id='word_1_30' title='bbox 975 970 1161 1030; x_wconf 88' lang='lat' dir='ltr'><strong>manifestum</strong></span> <span class='ocrx_word' id='word_1_31' title='bbox 1195 975 1247 1031; x_wconf 87' lang='lat' dir='ltr'><strong>est.</strong></span> <span class='ocrx_word' id='word_1_32' title='bbox 1305 973 1448 1047; x_wconf 88' lang='lat' dir='ltr'><strong>Reliquiis</strong></span> 
     </span>
     <span class='ocr_line' id='line_1_6' title="bbox 322 1073 1449 1155; baseline 0 -20"><span class='ocrx_word' id='word_1_33' title='bbox 322 1075 393 1155; x_wconf 90' lang='grc' dir='ltr'><strong>θηκ</strong></span> <span class='ocrx_word' id='word_1_34' title='bbox 435 1073 492 1132; x_wconf 92' lang='lat' dir='ltr'><strong>duo</strong></span> <span class='ocrx_word' id='word_1_35' title='bbox 534 1075 611 1132; x_wconf 89' lang='lat' dir='ltr'><strong>tituli</strong></span> <span class='ocrx_word' id='word_1_36' title='bbox 648 1092 749 1133; x_wconf 87' lang='lat' dir='ltr'><strong>ansam</strong></span> <span class='ocrx_word' id='word_1_37' title='bbox 785 1073 868 1147; x_wconf 82' lang='lat' dir='ltr'><strong>dant,</strong></span> <span class='ocrx_word' id='word_1_38' title='bbox 910 1091 1032 1149; x_wconf 90' lang='lat' dir='ltr'><strong>qnorum</strong></span> <span class='ocrx_word' id='word_1_39' title='bbox 1069 1076 1145 1133; x_wconf 89' lang='lat' dir='ltr'><strong>alter</strong></span> <span class='ocrx_word' id='word_1_40' title='bbox 1181 1073 1330 1151; x_wconf 82' lang='lat' dir='ltr'>Thespiis,</span> <span class='ocrx_word' id='word_1_41' title='bbox 1372 1077 1449 1135; x_wconf 89' lang='lat' dir='ltr'><strong>alter</strong></span> 
     </span>
     <span class='ocr_line' id='line_1_7' title="bbox 322 1176 1449 1251; baseline 0.001 -17"><span class='ocrx_word' id='word_1_42' title='bbox 322 1176 480 1235; x_wconf 75' lang='lat' dir='ltr'>Lebadeae</span> <span class='ocrx_word' id='word_1_43' title='bbox 507 1176 569 1251; x_wconf 79' lang='lat' dir='ltr'><strong>(Ic.</strong></span> <span class='ocrx_word' id='word_1_44' title='bbox 585 1176 641 1234; x_wconf 88' lang='lat' dir='ltr'><strong>Vll</strong></span> <span class='ocrx_word' id='word_1_45' title='bbox 667 1195 696 1234; x_wconf 92' lang='lat' dir='ltr'><strong>n.</strong></span> <span class='ocrx_word' id='word_1_46' title='bbox 712 1177 807 1251; x_wconf 81' lang='lat'><strong>3083)</strong></span> <span class='ocrx_word' id='word_1_47' title='bbox 834 1181 970 1235; x_wconf 83' lang='lat' dir='ltr'><strong>exaratus</strong></span> <span class='ocrx_word' id='word_1_48' title='bbox 997 1180 1049 1236; x_wconf 86' lang='lat' dir='ltr'><strong>est.</strong></span> <span class='ocrx_word' id='word_1_49' title='bbox 1092 1177 1128 1234; x_wconf 94' lang='lat' dir='ltr'><strong>In</strong></span> <span class='ocrx_word' id='word_1_50' title='bbox 1149 1176 1206 1236; x_wconf 91' lang='lat' dir='ltr'><strong>hoo</strong></span> <span class='ocrx_word' id='word_1_51' title='bbox 1228 1178 1360 1236; x_wconf 89' lang='lat' dir='ltr'><strong>instituta</strong></span> <span class='ocrx_word' id='word_1_52' title='bbox 1382 1183 1449 1238; x_wconf 87' lang='lat' dir='ltr'><strong>sunt</strong></span> 
     </span>
     <span class='ocr_line' id='line_1_8' title="bbox 322 1278 1448 1353; baseline 0.003 -17"><span class='ocrx_word' id='word_1_53' title='bbox 322 1278 409 1337; x_wconf 90' lang='lat' dir='ltr'><strong>haec:</strong></span> <span class='ocrx_word' id='word_1_54' title='bbox 432 1279 531 1336; x_wconf 83' lang='lat' dir='ltr'>Zoilus</span> <span class='ocrx_word' id='word_1_55' title='bbox 553 1295 669 1337; x_wconf 86' lang='lat' dir='ltr'><strong>servum</strong></span> <span class='ocrx_word' id='word_1_56' title='bbox 691 1279 808 1338; x_wconf 92' lang='lat' dir='ltr'><strong>nomine</strong></span> <span class='ocrx_word' id='word_1_57' title='bbox 827 1278 990 1338; x_wconf 84' lang='lat' dir='ltr'><strong>Andricum</strong></span> <span class='ocrx_word' id='word_1_58' title='bbox 1013 1296 1049 1337; x_wconf 88' lang='lat' dir='ltr'><strong>ea</strong></span> <span class='ocrx_word' id='word_1_59' title='bbox 1071 1279 1242 1338; x_wconf 91' lang='lat' dir='ltr'><strong>condicione</strong></span> <span class='ocrx_word' id='word_1_60' title='bbox 1265 1282 1448 1353; x_wconf 84' lang='lat' dir='ltr'><strong>manumittit,</strong></span> 
     </span>
     <span class='ocr_line' id='line_1_9' title="bbox 321 1379 1447 1456; baseline 0.003 -18"><span class='ocrx_word' id='word_1_61' title='bbox 321 1383 353 1438; x_wconf 93' lang='lat' dir='ltr'><strong>nt</strong></span> <span class='ocrx_word' id='word_1_62' title='bbox 373 1379 474 1439; x_wconf 89' lang='lat' dir='ltr'><strong>decern</strong></span> <span class='ocrx_word' id='word_1_63' title='bbox 493 1397 585 1439; x_wconf 91' lang='lat' dir='ltr'><strong>annos</strong></span> <span class='ocrx_word' id='word_1_64' title='bbox 604 1379 682 1456; x_wconf 88' lang='lat' dir='ltr'><strong>apud</strong></span> <span class='ocrx_word' id='word_1_65' title='bbox 702 1381 763 1439; x_wconf 91' lang='lat' dir='ltr'><strong>eins</strong></span> <span class='ocrx_word' id='word_1_66' title='bbox 782 1384 902 1438; x_wconf 87' lang='lat' dir='ltr'><strong>matrem</strong></span> <span class='ocrx_word' id='word_1_67' title='bbox 922 1383 1047 1454; x_wconf 86' lang='lat' dir='ltr'><strong>maneat,</strong></span> <span class='ocrx_word' id='word_1_68' title='bbox 1070 1380 1149 1455; x_wconf 90' lang='lat' dir='ltr'><strong>qnod</strong></span> <span class='ocrx_word' id='word_1_69' title='bbox 1169 1385 1254 1456; x_wconf 86' lang='lat' dir='ltr'><strong>pater</strong></span> <span class='ocrx_word' id='word_1_70' title='bbox 1272 1385 1447 1441; x_wconf 88' lang='lat' dir='ltr'><strong>testamento</strong></span> 
     </span>
     <span class='ocr_line' id='line_1_10' title="bbox 322 1482 1447 1558; baseline 0.001 -17"><span class='ocrx_word' id='word_1_71' title='bbox 322 1482 460 1542; x_wconf 88' lang='lat' dir='ltr'><strong>decrevit.</strong></span> <span class='ocrx_word' id='word_1_72' title='bbox 505 1482 563 1541; x_wconf 82' lang='lat' dir='ltr'><strong>Sed</strong></span> <span class='ocrx_word' id='word_1_73' title='bbox 590 1483 614 1541; x_wconf 91' lang='lat' dir='ltr'><strong>si</strong></span> <span class='ocrx_word' id='word_1_74' title='bbox 641 1486 733 1541; x_wconf 85' lang='lat' dir='ltr'><strong>mater</strong></span> <span class='ocrx_word' id='word_1_75' title='bbox 758 1483 876 1557; x_wconf 83' lang='lat' dir='ltr'><strong>longius</strong></span> <span class='ocrx_word' id='word_1_76' title='bbox 903 1483 989 1558; x_wconf 88' lang='lat' dir='ltr'><strong>vivit,</strong></span> <span class='ocrx_word' id='word_1_77' title='bbox 1014 1482 1163 1543; x_wconf 76' lang='lat' dir='ltr'>Andricus</span> <span class='ocrx_word' id='word_1_78' title='bbox 1188 1484 1304 1542; x_wconf 85' lang='lat' dir='ltr'><strong>iubetur</strong></span> <span class='ocrx_word' id='word_1_79' title='bbox 1329 1485 1447 1543; x_wconf 86' lang='lat' dir='ltr'><strong>solvere</strong></span> 
     </span>
     <span class='ocr_line' id='line_1_11' title="bbox 321 1559 1446 1659; baseline 0.002 -17"><span class='ocrx_word' id='word_1_80' title='bbox 321 1584 474 1659; x_wconf 85' lang='lat' dir='ltr'><strong>pecuniam</strong></span> <span class='ocrx_word' id='word_1_81' title='bbox 508 1583 655 1659; x_wconf 85' lang='lat' dir='ltr'><strong>quandam</strong></span> <span class='ocrx_word' id='word_1_82' title='bbox 685 1559 858 1643; x_wconf 66' lang='lat' dir='ltr'><strong>testamento</strong></span> <span class='ocrx_word' id='word_1_83' title='bbox 889 1583 1045 1642; x_wconf 88' lang='lat' dir='ltr'><strong>delinitam.</strong></span> <span class='ocrx_word' id='word_1_84' title='bbox 1099 1567 1256 1644; x_wconf 83' lang='lat' dir='ltr'><strong>Praeterea</strong></span> <span class='ocrx_word' id='word_1_85' title='bbox 1285 1587 1446 1645; x_wconf 81' lang='lat' dir='ltr'>nonnullae</span> 
     </span>
     <span class='ocr_line' id='line_1_12' title="bbox 322 1685 1447 1762; baseline 0.002 -18"><span class='ocrx_word' id='word_1_86' title='bbox 322 1685 509 1745; x_wconf 88' lang='lat' dir='ltr'><strong>condiciones</strong></span> <span class='ocrx_word' id='word_1_87' title='bbox 538 1690 806 1759; x_wconf 86' lang='lat' dir='ltr'><strong>commemorantur,</strong></span> <span class='ocrx_word' id='word_1_88' title='bbox 833 1702 909 1760; x_wconf 87' lang='lat' dir='ltr'><strong>quae</strong></span> <span class='ocrx_word' id='word_1_89' title='bbox 934 1687 1127 1761; x_wconf 82' lang='lat' dir='ltr'><strong>praetermitti</strong></span> <span class='ocrx_word' id='word_1_90' title='bbox 1152 1691 1287 1762; x_wconf 89' lang='lat' dir='ltr'><strong>possunt,</strong></span> <span class='ocrx_word' id='word_1_91' title='bbox 1314 1689 1383 1762; x_wconf 87' lang='lat' dir='ltr'><strong>qnia</strong></span> <span class='ocrx_word' id='word_1_92' title='bbox 1409 1687 1447 1746; x_wconf 91' lang='lat' dir='ltr'><strong>ad</strong></span> 
     </span>
     <span class='ocr_line' id='line_1_13' title="bbox 321 1787 1446 1865; baseline 0.001 -18"><span class='ocrx_word' id='word_1_93' title='bbox 321 1787 397 1847; x_wconf 92' lang='lat' dir='ltr'><strong>hanc</strong></span> <span class='ocrx_word' id='word_1_94' title='bbox 429 1806 491 1847; x_wconf 90' lang='lat' dir='ltr'><strong>rem</strong></span> <span class='ocrx_word' id='word_1_95' title='bbox 524 1805 584 1847; x_wconf 94' lang='lat' dir='ltr'><strong>non</strong></span> <span class='ocrx_word' id='word_1_96' title='bbox 616 1791 757 1865; x_wconf 84' lang='lat' dir='ltr'><strong>spectant.</strong></span> <span class='ocrx_word' id='word_1_97' title='bbox 813 1787 870 1848; x_wconf 80' lang='lat' dir='ltr'><strong>Sed</strong></span> <span class='ocrx_word' id='word_1_98' title='bbox 903 1788 1008 1846; x_wconf 88' lang='lat' dir='ltr'><strong>melius</strong></span> <span class='ocrx_word' id='word_1_99' title='bbox 1037 1789 1092 1846; x_wconf 89' lang='lat' dir='ltr'><strong>erit</strong></span> <span class='ocrx_word' id='word_1_100' title='bbox 1121 1787 1198 1848; x_wconf 90' lang='lat' dir='ltr'><strong>hanc</strong></span> <span class='ocrx_word' id='word_1_101' title='bbox 1227 1789 1306 1848; x_wconf 89' lang='lat' dir='ltr'><strong>tituli</strong></span> <span class='ocrx_word' id='word_1_102' title='bbox 1333 1793 1446 1865; x_wconf 89' lang='lat' dir='ltr'><strong>partem</strong></span> 
     </span>
     <span class='ocr_line' id='line_1_14' title="bbox 321 1877 1446 1971; baseline 0.004 -22"><span class='ocrx_word' id='word_1_103' title='bbox 321 1890 412 1950; x_wconf 88' lang='lat' dir='ltr'><strong>verbo</strong></span> <span class='ocrx_word' id='word_1_104' title='bbox 445 1895 529 1950; x_wconf 89' lang='lat' dir='ltr'><strong>tenns</strong></span> <span class='ocrx_word' id='word_1_105' title='bbox 562 1892 678 1950; x_wconf 82' lang='lat' dir='ltr'><strong>afferre:</strong></span> <span class='ocrx_word' id='word_1_106' title='bbox 712 1879 842 1964; x_wconf 76' lang='grc' dir='ltr'><strong><em>Δώϊλος</em></strong></span> <span class='ocrx_word' id='word_1_107' title='bbox 872 1877 1011 1971; x_wconf 83' lang='grc' dir='ltr'><strong><em>Ἰρανήω</em></strong></span> <span class='ocrx_word' id='word_1_108' title='bbox 1045 1879 1211 1952; x_wconf 76' lang='grc' dir='ltr'><strong><em>ἄντίθειτι</em></strong></span> <span class='ocrx_word' id='word_1_109' title='bbox 1243 1883 1306 1952; x_wconf 81' lang='grc' dir='ltr'><strong>τὸν</strong></span> <span class='ocrx_word' id='word_1_110' title='bbox 1336 1888 1446 1956; x_wconf 76' lang='lat' dir='ltr'><strong>ftdrov</strong></span> 
     </span>
     <span class='ocr_line' id='line_1_15' title="bbox 321 1979 1446 2076; baseline 0.001 -23"><span class='ocrx_word' id='word_1_111' title='bbox 321 1987 522 2072; x_wconf 78' lang='grc' dir='ltr'><strong><em>θεράποντα</em></strong></span> <span class='ocrx_word' id='word_1_112' title='bbox 549 1984 721 2071; x_wconf 82' lang='grc' dir='ltr'><strong><em>Άνδρικὸν</em></strong></span> <span class='ocrx_word' id='word_1_113' title='bbox 750 1991 793 2053; x_wconf 84' lang='grc' dir='ltr'><strong>τῦ</strong></span> <span class='ocrx_word' id='word_1_114' title='bbox 820 1988 858 2053; x_wconf 83' lang='grc' dir='ltr'><strong>Δὶ</strong></span> <span class='ocrx_word' id='word_1_115' title='bbox 884 1990 927 2052; x_wconf 81' lang='grc' dir='ltr'><strong>τῦ</strong></span> <span class='ocrx_word' id='word_1_116' title='bbox 954 1992 1104 2053; x_wconf 71' lang='lat' dir='ltr'><strong>Buculeio</strong></span> <span class='ocrx_word' id='word_1_117' title='bbox 1132 1979 1174 2076; x_wconf 87' lang='grc' dir='ltr'><strong>κή</strong></span> <span class='ocrx_word' id='word_1_118' title='bbox 1199 1991 1243 2054; x_wconf 83' lang='grc' dir='ltr'><em>τῦ</em></span> <span class='ocrx_word' id='word_1_119' title='bbox 1275 1992 1446 2074; x_wconf 82' lang='grc' dir='ltr'><strong><em>Τρεφοονίο</em></strong></span> 
     </span>
     <span class='ocr_line' id='line_1_16' title="bbox 321 2081 1447 2176; baseline 0.003 -22"><span class='ocrx_word' id='word_1_120' title='bbox 321 2084 418 2173; x_wconf 74' lang='grc' dir='ltr'><strong><em>ἷαρόν</em></strong></span> <span class='ocrx_word' id='word_1_121' title='bbox 455 2085 545 2175; x_wconf 81' lang='grc' dir='ltr'><strong><em>εἶμεν</em></strong></span> <span class='ocrx_word' id='word_1_122' title='bbox 581 2091 810 2174; x_wconf 79' lang='grc' dir='ltr'><strong><em>ααρμεὶνοντα</em></strong></span> <span class='ocrx_word' id='word_1_123' title='bbox 846 2081 915 2175; x_wconf 80' lang='grc' dir='ltr'><strong>πὰρ</strong></span> <span class='ocrx_word' id='word_1_124' title='bbox 953 2086 1016 2155; x_wconf 88' lang='grc' dir='ltr'><strong>τὰν</strong></span> <span class='ocrx_word' id='word_1_125' title='bbox 1050 2091 1178 2175; x_wconf 81' lang='grc' dir='ltr'><strong><em>ματέρα</em></strong></span> <span class='ocrx_word' id='word_1_126' title='bbox 1208 2088 1447 2176; x_wconf 80' lang='grc' dir='ltr'><strong><em>Ἀθανοδοὸραν</em></strong></span> 
     </span>
     <span class='ocr_line' id='line_1_17' title="bbox 321 2188 1447 2280; baseline 0.003 -23"><span class='ocrx_word' id='word_1_127' title='bbox 321 2192 412 2257; x_wconf 66' lang='grc' dir='ltr'><strong><em>θέτια</em></strong></span> <span class='ocrx_word' id='word_1_128' title='bbox 440 2193 533 2272; x_wconf 81' lang='grc' dir='ltr'><strong><em>δέκα,</em></strong></span> <span class='ocrx_word' id='word_1_129' title='bbox 564 2190 682 2269; x_wconf 78' lang='grc' dir='ltr'><strong><em>καθώς</em></strong></span> <span class='ocrx_word' id='word_1_130' title='bbox 708 2189 727 2258; x_wconf 87' lang='grc' dir='ltr'>ὁ</span> <span class='ocrx_word' id='word_1_131' title='bbox 755 2193 874 2277; x_wconf 82' lang='grc' dir='ltr'><strong><em>πατεὶρ</em></strong></span> <span class='ocrx_word' id='word_1_132' title='bbox 900 2192 1079 2274; x_wconf 75' lang='grc' dir='ltr'><strong><em>κατέταξε·</em></strong></span> <span class='ocrx_word' id='word_1_133' title='bbox 1111 2188 1131 2280; x_wconf 91' lang='grc' dir='ltr'><strong><em>ή</em></strong></span> <span class='ocrx_word' id='word_1_134' title='bbox 1159 2193 1197 2258; x_wconf 84' lang='lat' dir='ltr'><strong>ds&#39;</strong></span> <span class='ocrx_word' id='word_1_135' title='bbox 1222 2218 1266 2258; x_wconf 91' lang='grc' dir='ltr'><strong>κα</strong></span> <span class='ocrx_word' id='word_1_136' title='bbox 1292 2189 1341 2259; x_wconf 79' lang='grc' dir='ltr'><strong>ἔτι</strong></span> <span class='ocrx_word' id='word_1_137' title='bbox 1369 2191 1447 2260; x_wconf 72' lang='lat' dir='ltr'><strong>coto</strong></span> 
     </span>
     <span class='ocr_line' id='line_1_18' title="bbox 316 2287 1446 2383; baseline 0.003 -24"><span class='ocrx_word' id='word_1_138' title='bbox 316 2287 543 2378; x_wconf 80' lang='grc' dir='ltr'><strong><em>Άθανοδοὸρα,</em></strong></span> <span class='ocrx_word' id='word_1_139' title='bbox 567 2293 630 2360; x_wconf 81' lang='lat' dir='ltr'><strong>s‘r&#39;or</strong></span> <span class='ocrx_word' id='word_1_140' title='bbox 646 2287 815 2379; x_wconf 81' lang='grc' dir='ltr'><strong><em>Άνδρικὸς</em></strong></span> <span class='ocrx_word' id='word_1_141' title='bbox 837 2292 947 2379; x_wconf 84' lang='grc' dir='ltr'><strong><em>φόρον</em></strong></span> <span class='ocrx_word' id='word_1_142' title='bbox 968 2291 1031 2360; x_wconf 84' lang='grc' dir='ltr'><strong>τὸν</strong></span> <span class='ocrx_word' id='word_1_143' title='bbox 1053 2293 1090 2360; x_wconf 77' lang='grc' dir='ltr'><strong>ἐν</strong></span> <span class='ocrx_word' id='word_1_144' title='bbox 1107 2298 1162 2383; x_wconf 85' lang='grc' dir='ltr'><strong>τήι</strong></span> <span class='ocrx_word' id='word_1_145' title='bbox 1180 2297 1291 2380; x_wconf 83' lang='grc' dir='ltr'><strong><em>θεὶκηι</em></strong></span> <span class='ocrx_word' id='word_1_146' title='bbox 1310 2319 1446 2382; x_wconf 79' lang='grc' dir='ltr'><strong><em>γεγραμ-</em></strong></span> 
     </span>
     <span class='ocr_line' id='line_1_19' title="bbox 320 2397 519 2480; baseline -0.005 -18"><span class='ocrx_word' id='word_1_147' title='bbox 320 2397 424 2480; x_wconf 81' lang='grc' dir='ltr'><em>μένον</em></span> <span class='ocrx_word' id='word_1_148' title='bbox 445 2401 519 2462; x_wconf 76' lang='grc' dir='ltr'><strong><em>κτλ.</em></strong></span> 
     </span>
    </p>

    <p class='ocr_par' dir='ltr' id='par_1_4' title="bbox 321 2496 1446 3199">
     <span class='ocr_line' id='line_1_20' title="bbox 406 2496 1445 2586; baseline 0.003 -24"><span class='ocrx_word' id='word_1_149' title='bbox 406 2505 452 2562; x_wconf 78' lang='lat' dir='ltr'><strong>lix</strong></span> <span class='ocrx_word' id='word_1_150' title='bbox 480 2502 537 2562; x_wconf 89' lang='lat' dir='ltr'><strong>hoc</strong></span> <span class='ocrx_word' id='word_1_151' title='bbox 567 2505 705 2579; x_wconf 86' lang='lat' dir='ltr'><strong>exemplo</strong></span> <span class='ocrx_word' id='word_1_152' title='bbox 732 2502 860 2562; x_wconf 80' lang='lat' dir='ltr'><strong>dilucide</strong></span> <span class='ocrx_word' id='word_1_153' title='bbox 887 2508 1010 2580; x_wconf 85' lang='lat' dir='ltr'><strong>apparet</strong></span> <span class='ocrx_word' id='word_1_154' title='bbox 1035 2496 1151 2586; x_wconf 81' lang='grc' dir='ltr'><strong><em>θήκην</em></strong></span> <span class='ocrx_word' id='word_1_155' title='bbox 1177 2503 1255 2563; x_wconf 91' lang='lat' dir='ltr'><strong>idem</strong></span> <span class='ocrx_word' id='word_1_156' title='bbox 1281 2506 1383 2565; x_wconf 84' lang='lat' dir='ltr'><strong>valere</strong></span> <span class='ocrx_word' id='word_1_157' title='bbox 1410 2524 1445 2565; x_wconf 88' lang='lat' dir='ltr'><strong>ao</strong></span> 
     </span>
     <span class='ocr_line' id='line_1_21' title="bbox 322 2598 1445 2689; baseline 0.001 -23"><span class='ocrx_word' id='word_1_158' title='bbox 322 2598 498 2689; x_wconf 78' lang='grc' dir='ltr'><strong><em>διαθήκην.</em></strong></span> <span class='ocrx_word' id='word_1_159' title='bbox 541 2605 626 2677; x_wconf 81' lang='lat' dir='ltr'><strong>Quod</strong></span> <span class='ocrx_word' id='word_1_160' title='bbox 650 2605 836 2666; x_wconf 81' lang='lat' dir='ltr'><strong>confirmatur</strong></span> <span class='ocrx_word' id='word_1_161' title='bbox 857 2608 942 2666; x_wconf 88' lang='lat' dir='ltr'><strong>titulo</strong></span> <span class='ocrx_word' id='word_1_162' title='bbox 965 2607 1169 2683; x_wconf 84' lang='lat' dir='ltr'><strong>Thespiarnm,</strong></span> <span class='ocrx_word' id='word_1_163' title='bbox 1191 2608 1241 2666; x_wconf 89' lang='lat' dir='ltr'><strong>nbi</strong></span> <span class='ocrx_word' id='word_1_164' title='bbox 1259 2606 1445 2667; x_wconf 79' lang='lat' dir='ltr'><strong>Aristodemo</strong></span> 
     </span>
     <span class='ocr_line' id='line_1_22' title="bbox 321 2700 1446 2784; baseline 0.004 -16"><span class='ocrx_word' id='word_1_165' title='bbox 321 2725 437 2768; x_wconf 88' lang='lat' dir='ltr'><strong>servum</strong></span> <span class='ocrx_word' id='word_1_166' title='bbox 474 2709 651 2768; x_wconf 85' lang='lat' dir='ltr'><strong>manumittit</strong></span> <span class='ocrx_word' id='word_1_167' title='bbox 684 2713 765 2768; x_wconf 84' lang='lat' dir='ltr'><strong>insen</strong></span> <span class='ocrx_word' id='word_1_168' title='bbox 796 2707 851 2767; x_wconf 92' lang='lat' dir='ltr'><strong>filii</strong></span> <span class='ocrx_word' id='word_1_169' title='bbox 882 2710 969 2784; x_wconf 85' lang='lat' dir='ltr'><strong>Agea</strong></span> <span class='ocrx_word' id='word_1_170' title='bbox 1001 2702 1077 2784; x_wconf 84' lang='grc' dir='ltr'><strong><em>(κὰτ</em></strong></span> <span class='ocrx_word' id='word_1_171' title='bbox 1109 2700 1172 2770; x_wconf 85' lang='grc' dir='ltr'><strong>τὰν</strong></span> <span class='ocrx_word' id='word_1_172' title='bbox 1206 2704 1350 2771; x_wconf 76' lang='grc' dir='ltr'><strong><em>ἐντολὰν</em></strong></span> <span class='ocrx_word' id='word_1_173' title='bbox 1381 2710 1446 2772; x_wconf 81' lang='grc' dir='ltr'><strong>τοῦ</strong></span> 
     </span>
     <span class='ocr_line' id='line_1_23' title="bbox 321 2797 1445 2895; baseline 0.003 -24"><span class='ocrx_word' id='word_1_174' title='bbox 321 2806 442 2884; x_wconf 76' lang='grc' dir='ltr'><strong><em>παιδὸς</em></strong></span> <span class='ocrx_word' id='word_1_175' title='bbox 464 2807 596 2892; x_wconf 80' lang='grc' dir='ltr'><strong><em>Ἀγέαο).</em></strong></span> <span class='ocrx_word' id='word_1_176' title='bbox 646 2812 755 2871; x_wconf 86' lang='lat' dir='ltr'><strong>Postea</strong></span> <span class='ocrx_word' id='word_1_177' title='bbox 780 2811 854 2870; x_wconf 87' lang='lat' dir='ltr'><strong>haec</strong></span> <span class='ocrx_word' id='word_1_178' title='bbox 880 2813 1029 2886; x_wconf 85' lang='lat' dir='ltr'><strong>leguntur:</strong></span> <span class='ocrx_word' id='word_1_179' title='bbox 1058 2803 1100 2895; x_wconf 83' lang='grc' dir='ltr'><strong>κη</strong></span> <span class='ocrx_word' id='word_1_180' title='bbox 1127 2797 1145 2871; x_wconf 85' lang='grc' dir='ltr'>ὁ</span> <span class='ocrx_word' id='word_1_181' title='bbox 1172 2821 1252 2884; x_wconf 79' lang='grc' dir='ltr'><strong><em>παῖς</em></strong></span> <span class='ocrx_word' id='word_1_182' title='bbox 1273 2809 1382 2893; x_wconf 60' lang='lat' dir='ltr'><strong>myron</strong></span> <span class='ocrx_word' id='word_1_183' title='bbox 1409 2809 1445 2874; x_wconf 77' lang='grc' dir='ltr'><strong>ἐν</strong></span> 
     </span>
     <span class='ocr_line' id='line_1_24' title="bbox 321 2910 1445 2992; baseline 0 -19"><span class='ocrx_word' id='word_1_184' title='bbox 321 2912 362 2992; x_wconf 76' lang='grc' dir='ltr'><strong>τῇ</strong></span> <span class='ocrx_word' id='word_1_185' title='bbox 390 2911 491 2992; x_wconf 87' lang='grc' dir='ltr'><strong>θεὶκη</strong></span> <span class='ocrx_word' id='word_1_186' title='bbox 520 2910 717 2989; x_wconf 51' lang='lat' dir='ltr'><strong>revererer)</strong></span> <span class='ocrx_word' id='word_1_187' title='bbox 769 2913 834 2984; x_wconf 85' lang='lat' dir='ltr'><strong>Qua</strong></span> <span class='ocrx_word' id='word_1_188' title='bbox 862 2915 974 2973; x_wconf 88' lang='lat' dir='ltr'><strong>ratione</strong></span> <span class='ocrx_word' id='word_1_189' title='bbox 1003 2914 1127 2990; x_wconf 86' lang='lat' dir='ltr'><strong>probata</strong></span> <span class='ocrx_word' id='word_1_190' title='bbox 1156 2914 1274 2974; x_wconf 87' lang='lat' dir='ltr'><strong>dubium</strong></span> <span class='ocrx_word' id='word_1_191' title='bbox 1304 2932 1364 2973; x_wconf 94' lang='lat' dir='ltr'><strong>non</strong></span> <span class='ocrx_word' id='word_1_192' title='bbox 1394 2920 1445 2990; x_wconf 88' lang='lat' dir='ltr'><strong>est,</strong></span> 
     </span>
     <span class='ocr_line' id='line_1_25' title="bbox 322 3014 1445 3094; baseline 0.004 -20"><span class='ocrx_word' id='word_1_193' title='bbox 322 3016 392 3091; x_wconf 87' lang='lat' dir='ltr'><strong>quin</strong></span> <span class='ocrx_word' id='word_1_194' title='bbox 414 3017 526 3075; x_wconf 90' lang='lat' dir='ltr'><strong>initium</strong></span> <span class='ocrx_word' id='word_1_195' title='bbox 545 3018 623 3075; x_wconf 85' lang='lat' dir='ltr'><strong>tituli</strong></span> <span class='ocrx_word' id='word_1_196' title='bbox 642 3016 808 3076; x_wconf 80' lang='lat' dir='ltr'><strong>Thessalici</strong></span> <span class='ocrx_word' id='word_1_197' title='bbox 827 3018 868 3076; x_wconf 92' lang='lat' dir='ltr'><strong>sic</strong></span> <span class='ocrx_word' id='word_1_198' title='bbox 888 3018 950 3076; x_wconf 92' lang='lat' dir='ltr'><strong>sine</strong></span> <span class='ocrx_word' id='word_1_199' title='bbox 969 3018 1128 3076; x_wconf 86' lang='lat' dir='ltr'><strong>offensione</strong></span> <span class='ocrx_word' id='word_1_200' title='bbox 1146 3019 1273 3092; x_wconf 82' lang='lat' dir='ltr'><strong>legatur:</strong></span> <span class='ocrx_word' id='word_1_201' title='bbox 1297 3014 1332 3094; x_wconf 79' lang='grc' dir='ltr'><strong>[ὁ</strong></span> <span class='ocrx_word' id='word_1_202' title='bbox 1353 3015 1445 3080; x_wconf 82' lang='grc' dir='ltr'><strong><em>δεῖνα</em></strong></span> 
     </span>
     <span class='ocr_line' id='line_1_26' title="bbox 321 3107 1444 3199; baseline 0.001 -20"><span class='ocrx_word' id='word_1_203' title='bbox 321 3107 630 3199; x_wconf 76' lang='grc' dir='ltr'><strong><em>ἄπελευθερωθ]εὶς</em></strong></span> <span class='ocrx_word' id='word_1_204' title='bbox 652 3113 769 3198; x_wconf 87' lang='grc' dir='ltr'><strong><em>θήκ(η)</em></strong></span> <span class='ocrx_word' id='word_1_205' title='bbox 792 3107 860 3179; x_wconf 76' lang='grc' dir='ltr'><strong>ἀπὸ</strong></span> <span class='ocrx_word' id='word_1_206' title='bbox 880 3117 1080 3194; x_wconf 76' lang='grc' dir='ltr'><strong><em>Πε[τ]αλο[ὖ</em></strong></span> <span class='ocrx_word' id='word_1_207' title='bbox 1099 3118 1163 3179; x_wconf 83' lang='grc' dir='ltr'><strong>τοῦ</strong></span> <span class='ocrx_word' id='word_1_208' title='bbox 1178 3107 1353 3198; x_wconf 80' lang='grc' dir='ltr'><strong><em>Ἀμύντου]</em></strong></span> <span class='ocrx_word' id='word_1_209' title='bbox 1374 3120 1444 3181; x_wconf 79' lang='grc' dir='ltr'><strong><em>κτλ.</em></strong></span> 
     </span>
    </p>

    <p class='ocr_par' dir='ltr' id='par_1_5' title="bbox 293 3219 1446 3690">
     <span class='ocr_line' id='line_1_27' title="bbox 405 3219 1446 3295; baseline 0.001 -17"><span class='ocrx_word' id='word_1_210' title='bbox 405 3222 467 3278; x_wconf 90' lang='lat' dir='ltr'><strong>Iam</strong></span> <span class='ocrx_word' id='word_1_211' title='bbox 499 3221 654 3295; x_wconf 80' lang='lat' dir='ltr'><strong>contingit,</strong></span> <span class='ocrx_word' id='word_1_212' title='bbox 686 3222 718 3278; x_wconf 91' lang='lat' dir='ltr'><strong>nt</strong></span> <span class='ocrx_word' id='word_1_213' title='bbox 748 3219 851 3279; x_wconf 90' lang='lat' dir='ltr'><strong>eodem</strong></span> <span class='ocrx_word' id='word_1_214' title='bbox 881 3219 967 3279; x_wconf 89' lang='lat' dir='ltr'><strong>modo</strong></span> <span class='ocrx_word' id='word_1_215' title='bbox 997 3221 1084 3280; x_wconf 86' lang='lat' dir='ltr'><strong>alteri</strong></span> <span class='ocrx_word' id='word_1_216' title='bbox 1112 3222 1180 3279; x_wconf 90' lang='lat' dir='ltr'><strong>loco</strong></span> <span class='ocrx_word' id='word_1_217' title='bbox 1209 3221 1338 3281; x_wconf 88' lang='lat' dir='ltr'><strong>eiusdem</strong></span> <span class='ocrx_word' id='word_1_218' title='bbox 1367 3223 1446 3280; x_wconf 88' lang='lat' dir='ltr'><strong>tituli</strong></span> 
     </span>
     <span class='ocr_line' id='line_1_28' title="bbox 321 3321 1445 3397; baseline 0.004 -18"><span class='ocrx_word' id='word_1_219' title='bbox 321 3321 497 3380; x_wconf 87' lang='lat' dir='ltr'><strong>medeamur.</strong></span> <span class='ocrx_word' id='word_1_220' title='bbox 547 3322 583 3379; x_wconf 94' lang='lat' dir='ltr'><strong>In</strong></span> <span class='ocrx_word' id='word_1_221' title='bbox 612 3338 698 3380; x_wconf 89' lang='lat' dir='ltr'><strong>versu</strong></span> <span class='ocrx_word' id='word_1_222' title='bbox 727 3322 804 3380; x_wconf 91' lang='lat' dir='ltr'><strong>enim</strong></span> <span class='ocrx_word' id='word_1_223' title='bbox 832 3322 871 3379; x_wconf 78' lang='lat'><strong>26</strong></span> <span class='ocrx_word' id='word_1_224' title='bbox 900 3321 1088 3379; x_wconf 89' lang='lat' dir='ltr'><strong>inveniuntur</strong></span> <span class='ocrx_word' id='word_1_225' title='bbox 1116 3321 1172 3380; x_wconf 87' lang='lat' dir='ltr'><strong>hae</strong></span> <span class='ocrx_word' id='word_1_226' title='bbox 1199 3323 1342 3397; x_wconf 86' lang='lat' dir='ltr'><strong>reliquiae</strong></span> <span class='ocrx_word' id='word_1_227' title='bbox 1369 3324 1445 3396; x_wconf 67' lang='lat' dir='ltr'><strong>Hir,</strong></span> 
     </span>
     <span class='ocr_line' id='line_1_29' title="bbox 321 3415 1444 3506; baseline 0.004 -26"><span class='ocrx_word' id='word_1_228' title='bbox 321 3440 380 3496; x_wconf 87' lang='lat' dir='ltr'><strong>qua</strong></span> <span class='ocrx_word' id='word_1_229' title='bbox 406 3442 443 3483; x_wconf 87' lang='lat' dir='ltr'><strong>ex</strong></span> <span class='ocrx_word' id='word_1_230' title='bbox 469 3440 558 3482; x_wconf 87' lang='lat' dir='ltr'><strong>cauea</strong></span> <span class='ocrx_word' id='word_1_231' title='bbox 583 3422 660 3482; x_wconf 91' lang='lat' dir='ltr'><strong>idem</strong></span> <span class='ocrx_word' id='word_1_232' title='bbox 684 3424 805 3482; x_wconf 89' lang='lat' dir='ltr'><strong>verbnm</strong></span> <span class='ocrx_word' id='word_1_233' title='bbox 829 3415 919 3506; x_wconf 91' lang='grc' dir='ltr'><strong><em>θήκη</em></strong></span> <span class='ocrx_word' id='word_1_234' title='bbox 942 3421 1091 3483; x_wconf 86' lang='lat' dir='ltr'><strong>emendari</strong></span> <span class='ocrx_word' id='word_1_235' title='bbox 1112 3440 1198 3499; x_wconf 89' lang='lat' dir='ltr'><strong>posse</strong></span> <span class='ocrx_word' id='word_1_236' title='bbox 1221 3428 1342 3483; x_wconf 86' lang='lat' dir='ltr'><strong>constat.</strong></span> <span class='ocrx_word' id='word_1_237' title='bbox 1386 3424 1444 3484; x_wconf 82' lang='lat' dir='ltr'><strong>Sed</strong></span> 
     </span>
     <span class='ocr_line' id='line_1_30' title="bbox 321 3525 1443 3602; baseline 0.002 -19"><span class='ocrx_word' id='word_1_238' title='bbox 321 3528 413 3583; x_wconf 90' lang='lat' dir='ltr'><strong>totum</strong></span> <span class='ocrx_word' id='word_1_239' title='bbox 439 3527 536 3585; x_wconf 92' lang='lat' dir='ltr'><strong>locum</strong></span> <span class='ocrx_word' id='word_1_240' title='bbox 559 3525 714 3600; x_wconf 84' lang='lat' dir='ltr'><strong>diligenter</strong></span> <span class='ocrx_word' id='word_1_241' title='bbox 735 3525 841 3602; x_wconf 89' lang='lat' dir='ltr'><strong>inspici</strong></span> <span class='ocrx_word' id='word_1_242' title='bbox 862 3528 990 3602; x_wconf 87' lang='lat' dir='ltr'><strong>oportet,</strong></span> <span class='ocrx_word' id='word_1_243' title='bbox 1017 3528 1048 3582; x_wconf 89' lang='lat' dir='ltr'><strong>ut</strong></span> <span class='ocrx_word' id='word_1_244' title='bbox 1071 3528 1271 3600; x_wconf 77' lang='lat' dir='ltr'><strong>cognoscatur,</strong></span> <span class='ocrx_word' id='word_1_245' title='bbox 1298 3526 1443 3601; x_wconf 87' lang='lat' dir='ltr'><strong>quomodo</strong></span> 
     </span>
     <span class='ocr_line' id='line_1_31' title="bbox 293 3627 651 3690; baseline -0.011 0"><span class='ocrx_word' id='word_1_246' title='bbox 293 3686 295 3690; x_wconf 85' lang='lat'>.</span> <span class='ocrx_word' id='word_1_247' title='bbox 320 3629 465 3686; x_wconf 84' lang='lat' dir='ltr'><strong>nonnulla</strong></span> <span class='ocrx_word' id='word_1_248' title='bbox 487 3627 651 3687; x_wconf 88' lang='lat' dir='ltr'><strong>emendem:</strong></span> 
     </span>
    </p>
   </div>
   <div class='ocr_carea' id='block_1_4' title="bbox 385 3767 1319 4078">
    <p class='ocr_par' dir='ltr' id='par_1_6' title="bbox 385 3767 1319 4078">
     <span class='ocr_line' id='line_1_32' title="bbox 386 3767 1242 3862; baseline 0.002 -21"><span class='ocrx_word' id='word_1_249' title='bbox 386 3769 632 3862; x_wconf 77' lang='grc' dir='ltr'><strong><em>[Ἀριστοτέλης]</em></strong></span> <span class='ocrx_word' id='word_1_250' title='bbox 656 3774 853 3862; x_wconf 80' lang='grc' dir='ltr'><strong><em>Δημοχάρου</em></strong></span> <span class='ocrx_word' id='word_1_251' title='bbox 875 3777 932 3842; x_wconf 85' lang='grc' dir='ltr'><strong>καὶ</strong></span> <span class='ocrx_word' id='word_1_252' title='bbox 950 3767 1059 3854; x_wconf 56' lang='lat' dir='ltr'><strong>&gt;totae</strong></span> <span class='ocrx_word' id='word_1_253' title='bbox 1084 3773 1242 3843; x_wconf 78' lang='grc' dir='ltr'><strong><em>Φιλώτου</em></strong></span> 
     </span>
     <span class='ocr_line' id='line_1_33' title="bbox 385 3870 1270 3965; baseline 0.001 -24"><span class='ocrx_word' id='word_1_254' title='bbox 385 3882 398 3958; x_wconf 93' lang='grc'>[</span> <span class='ocrx_word' id='word_1_255' title='bbox 399 3926 564 3940; x_wconf 92' lang='grc'><strong>........</strong></span> <span class='ocrx_word' id='word_1_256' title='bbox 586 3878 655 3958; x_wconf 85' lang='grc' dir='ltr'><strong>καὶ]</strong></span> <span class='ocrx_word' id='word_1_257' title='bbox 679 3875 870 3965; x_wconf 82' lang='grc' dir='ltr'><strong><em>Δημοχάρης</em></strong></span> <span class='ocrx_word' id='word_1_258' title='bbox 887 3870 1133 3965; x_wconf 78' lang='grc' dir='ltr'><strong><em>Ἀριστοτέλους</em></strong></span> <span class='ocrx_word' id='word_1_259' title='bbox 1155 3876 1173 3945; x_wconf 87' lang='grc' dir='ltr'>ὁ</span> <span class='ocrx_word' id='word_1_260' title='bbox 1197 3875 1270 3956; x_wconf 78' lang='grc' dir='ltr'><strong><em>υἱὸς</em></strong></span> 
     </span>
     <span class='ocr_line' id='line_1_34' title="bbox 385 3976 1319 4078; baseline -0.002 -32"><span class='ocrx_word' id='word_1_261' title='bbox 385 3976 596 4066; x_wconf 81' lang='grc' dir='ltr'><strong><em>[Δημοχάρου</em></strong></span> <span class='ocrx_word' id='word_1_262' title='bbox 617 3976 747 4068; x_wconf 84' lang='grc' dir='ltr'><strong><em>θ]ήκ[η]</em></strong></span> <span class='ocrx_word' id='word_1_263' title='bbox 770 3981 1089 4068; x_wconf 63' lang='lat' dir='ltr'><strong>melequinum</strong></span> <span class='ocrx_word' id='word_1_264' title='bbox 1111 3984 1182 4078; x_wconf 74' lang='grc' dir='ltr'><strong>τῶν</strong></span> <span class='ocrx_word' id='word_1_265' title='bbox 1205 3981 1319 4046; x_wconf 69' lang='grc' dir='ltr'><strong><em>οἰκετῖ</em></strong></span> 
     </span>
    </p>
   </div>
   <div class='ocr_carea' id='block_1_5' title="bbox 319 4235 1442 4476">
    <p class='ocr_par' dir='ltr' id='par_1_7' title="bbox 319 4235 1442 4476">
     <span class='ocr_line' id='line_1_35' title="bbox 406 4235 1067 4306; baseline 0.005 -17"><span class='ocrx_word' id='word_1_266' title='bbox 406 4235 428 4304; x_wconf 90' lang='lat'><strong>¹)</strong></span> <span class='ocrx_word' id='word_1_267' title='bbox 445 4235 469 4289; x_wconf 87' lang='grc' dir='ltr'>Ε</span> <span class='ocrx_word' id='word_1_268' title='bbox 487 4252 569 4292; x_wconf 87' lang='lat' dir='ltr'><strong>versu</strong></span> <span class='ocrx_word' id='word_1_269' title='bbox 584 4240 615 4291; x_wconf 85' lang='lat'><strong>13</strong></span> <span class='ocrx_word' id='word_1_270' title='bbox 633 4248 732 4292; x_wconf 89' lang='lat' dir='ltr'><strong>nomen</strong></span> <span class='ocrx_word' id='word_1_271' title='bbox 748 4241 824 4292; x_wconf 88' lang='lat' dir='ltr'><strong>recte</strong></span> <span class='ocrx_word' id='word_1_272' title='bbox 841 4236 998 4306; x_wconf 86' lang='lat' dir='ltr'><strong>suppletum</strong></span> <span class='ocrx_word' id='word_1_273' title='bbox 1016 4241 1067 4292; x_wconf 89' lang='lat' dir='ltr'><strong>est.</strong></span> 
     </span>
     <span class='ocr_line' id='line_1_36' title="bbox 405 4321 1442 4392; baseline 0 -15"><span class='ocrx_word' id='word_1_274' title='bbox 405 4323 427 4390; x_wconf 78' lang='lat'><strong>²)</strong></span> <span class='ocrx_word' id='word_1_275' title='bbox 446 4321 487 4377; x_wconf 81' lang='lat' dir='ltr'><strong>Of.</strong></span> <span class='ocrx_word' id='word_1_276' title='bbox 503 4321 650 4392; x_wconf 84' lang='lat' dir='ltr'><strong>Vollgraff‚</strong></span> <span class='ocrx_word' id='word_1_277' title='bbox 672 4322 743 4377; x_wconf 91' lang='lat' dir='ltr'><strong>Bull.</strong></span> <span class='ocrx_word' id='word_1_278' title='bbox 755 4322 827 4378; x_wconf 87' lang='lat' dir='ltr'><strong>Hell.</strong></span> <span class='ocrx_word' id='word_1_279' title='bbox 844 4321 923 4377; x_wconf 90' lang='lat' dir='ltr'><strong>XXV</strong></span> <span class='ocrx_word' id='word_1_280' title='bbox 940 4321 1039 4391; x_wconf 86' lang='lat'>(1901),</span> <span class='ocrx_word' id='word_1_281' title='bbox 1062 4339 1088 4391; x_wconf 83' lang='lat' dir='ltr'><strong>p.</strong></span> <span class='ocrx_word' id='word_1_282' title='bbox 1102 4326 1148 4377; x_wconf 86' lang='lat'><strong>361</strong></span> <span class='ocrx_word' id='word_1_283' title='bbox 1170 4339 1195 4377; x_wconf 93' lang='lat' dir='ltr'><strong>n.</strong></span> <span class='ocrx_word' id='word_1_284' title='bbox 1209 4327 1237 4391; x_wconf 79' lang='lat'><strong>2,</strong></span> <span class='ocrx_word' id='word_1_285' title='bbox 1260 4323 1307 4392; x_wconf 85' lang='lat' dir='ltr'><strong>qui</strong></span> <span class='ocrx_word' id='word_1_286' title='bbox 1327 4323 1442 4378; x_wconf 90' lang='lat' dir='ltr'><strong>eandem</strong></span> 
     </span>
     <span class='ocr_line' id='line_1_37' title="bbox 319 4406 608 4476; baseline -0.007 -13"><span class='ocrx_word' id='word_1_287' title='bbox 319 4406 479 4464; x_wconf 84' lang='lat' dir='ltr'><strong>sententium</strong></span> <span class='ocrx_word' id='word_1_288' title='bbox 495 4406 608 4476; x_wconf 79' lang='lat' dir='ltr'><strong>profert.</strong></span> 
     </span>
    </p>
   </div>
   <div class='ocr_carea' id='block_1_6' title="bbox 0 0 1692 5150">
    <p class='ocr_par' dir='ltr' id='par_1_8' title="bbox 0 0 1692 5150">
     <span class='ocr_line' id='line_1_38' title="bbox 0 0 1692 5150; baseline 0 2"><span class='ocrx_word' id='word_1_289' title='bbox 0 0 1692 5150; x_wconf 95' lang='lat' dir='ltr'><strong> </strong></span> 
     </span>
    </p>
   </div>
  </div>
 </body>
</html>
