3376 5150
308 381 368 439 118

306 541 415 626 [κατὰ]
450 541 680 630 λογισμό[ν],1)
713 567 788 625 quae
821 549 912 608 verba
944 553 1024 610 recte
1054 568 1086 610 se
1115 549 1224 610 habere
1253 568 1338 610 nemo
1370 569 1430 609 non

305 651 463 728 intellegit,
483 650 532 727 qui
551 654 669 711 nostrae
688 653 933 728 argumentationi
952 652 1117 712 assentitur.
1157 653 1260 728 Itaque
1277 651 1430 711 Wilhelmi

306 753 484 829 opinionem,
518 753 565 812 cui
593 743 760 834 Λὸγισμος
789 770 892 813 servae
921 773 1027 814 nomen
1057 771 1121 814 esse
1151 754 1313 828 videbatur,
1345 773 1430 831 prac-

306 853 398 915 fracte
421 854 567 931 denegare
590 855 727 933 cogimur.

767 1079 970 1087 *-

777 1320 889 1397 Oaput
910 1320 960 1380 IX.

702 1479 762 1548 De
788 1475 906 1562 ξενικῇ
928 1475 1037 1544 λύσει.

392 1631 513 1689 Praeter
533 1626 587 1687 has
609 1627 841 1686 manumissionis
863 1627 1000 1702 rationes,
1022 1645 1098 1702 quae
1119 1626 1205 1687 modo
1221 1628 1431 1704 proposuimus,

306 1732 367 1790 alia
391 1732 422 1788 in
444 1747 499 1789 usu
520 1733 583 1789 erat
605 1729 684 1805 apud
705 1727 879 1802 Thessalos,
908 1746 985 1805 qnae
1007 1730 1101 1788 multo
1123 1729 1233 1789 maiore
1256 1727 1431 1789 difficultate
1509 1796 1513 1805 ,

306 1832 440 1910 praedita
462 1833 579 1909 saepius
601 1851 619 1890 a
640 1832 711 1890 viris
735 1830 828 1890 doctls
850 1834 929 1890 tacta
948 1834 1000 1891 est.
1037 1833 1071 1890 ln
1086 1832 1179 1890 titulis
1194 1831 1271 1890 enim
1286 1830 1431 1890 interdum

306 1935 427 1995 verbum
452 1933 566 2014 ξενικῇ
592 1932 676 1992 adest
701 1951 774 1993 voco
803 1926 896 1994 λύσει
922 1934 985 1993 sive
1012 1926 1175 2015 λυτρώσει
1200 1935 1292 1993 multo
1315 1933 1431 2010 saepius

307 2039 413 2098 omissa
446 2053 533 2111 quam
566 2035 667 2095 addita
696 2037 735 2110 (n.
751 2037 800 2096 27,
823 2037 872 2094 28.
896 2035 1026 2113 1043ιι).
1080 2035 1139 2096 Sed
1168 2036 1266 2094 omnia
1294 2037 1432 2112 exempla

307 2140 434 2211 afferam,
455 2143 488 2198 ut
510 2154 727 2214 cognoscamus,
749 2155 808 2212 qno
830 2141 960 2214 tempore
982 2136 1056 2198 haec
1076 2138 1151 2197 ratio
1173 2137 1252 2214 apud
1270 2136 1432 2197 Thessalos

306 2243 336 2300 in
358 2257 413 2300 usu
434 2239 522 2299 fuerit
544 2242 632 2315 atque
654 2238 725 2314 quid
746 2240 790 2299 rei
811 2240 857 2304 sit.

390 2360 427 2418 In
445 2358 590 2418 indicibus
605 2358 826 2434 Hypataeorum
841 2358 916 2419 haec
930 2377 989 2419 vox
1004 2360 1119 2436 saepius
1134 2359 1191 2419 hoc
1207 2359 1294 2419 modo
1309 2363 1432 2435 apparet

306 2463 346 2538 (n.
359 2463 408 2535 21,
420 2462 464 2537 4):
484 2458 663 2523 Σεκοῦνδα
683 2456 751 2522 aad
769 2453 916 2538 Σώ[σου]
938 2460 1059 2541 §evexia
1093 2461 1275 2538 Quamquam
1295 2462 1344 2521 hic
1362 2479 1432 2521 usus

306 2565 442 2641 Hypatae
472 2564 575 2623 crebro
605 2562 695 2623 fuisse
720 2563 845 2638 videtur,
874 2567 973 2623 tamen
1000 2565 1128 2640 quinque
1154 2582 1304 2624 sorvorum
1332 2581 1431 2622 manu-

306 2669 435 2728 missoris
461 2665 651 2743 Asclepiadis
681 2668 760 2726 solus
786 2667 961 2727 Alexander
989 2667 1046 2726 hoc
1076 2668 1205 2744 praemio
1233 2669 1352 2726 ornatus
1379 2669 1432 2740 est,

306 2770 352 2829 his
377 2770 475 2830 verbis
497 2770 583 2828 titulo
605 2789 634 2828 n.
650 2770 688 2827 21
713 2768 832 2828 additis:
861 2769 989 2843 Ζωΐλος
1012 2764 1220 2850 Παραμόνου
1242 2763 1260 2832 ὁ
1285 2760 1433 2850 γεγονώς
1476 2777 1479 2784 “

306 2867 529 2955 ἐπιμελητ[ἠς]
549 2871 621 2932 τῶν
641 2865 919 2952 ἀπελευθερικῶν
935 2864 1115 2953 χρημάτων
1133 2867 1432 2952 προσ[α]ν[α]φέρω

307 2971 363 3036 καὶ
391 2971 608 3055 Ἀλέξανδρον
637 2967 881 3057 Ἀσκληπιάδου
918 2963 1150 3054 ἀπελεύθερον
1182 2973 1298 3052 ξενικῇ
1331 2970 1432 3036 δεδω-

306 3071 392 3140 κότα
409 3097 467 3158 μοι
486 3067 528 3138 τὰ
547 3075 607 3157 τῆς
626 3073 873 3159 στηλογραφὶας
892 3069 1057 3158 (δηνάρια)
1077 3068 1182 3152 aad<
1220 3073 1328 3136 Omnes
1348 3075 1432 3134 huius

306 3181 385 3240 urbis
417 3180 622 3256 inscriptiones
653 3178 730 3238 hanc
761 3196 864 3238 vocem
893 3178 1070 3255 praebentes
1100 3182 1197 3238 aetate
1225 3179 1433 3255 imperatorum

307 3288 441 3343 exaratas
472 3300 535 3342 esse
565 3300 629 3341 cum
659 3300 696 3341 ex
725 3281 939 3358 praetoribus2)
969 3285 1029 3340 tum
1060 3300 1096 3341 ex
1122 3282 1182 3340 illis
1204 3282 1303 3342 verbis
1326 3283 1433 3356 elucet,

307 3404 382 3462 quae
410 3388 441 3444 in
470 3402 557 3445 versu
586 3388 669 3444 sexto
699 3384 778 3443 tituli
808 3404 837 3442 n.
856 3385 893 3442 13
922 3385 1061 3460 leguntur
1090 3383 1147 3444 hoc
1176 3384 1275 3444 modo:
1309 3378 1431 3460 [ἔτους]

307 3487 469 3564 σεβαστοῦ
502 3479 647 3567 ἑβδόμου
680 3484 849 3568 Καίσαρος
880 3487 1117 3568 [Γερμα]νικοῦ
1147 3485 1334 3564 Σεβαστοῦ,
1366 3487 1432 3548 τοῦ

308 3588 364 3652 καὶ
385 3589 616 3670 τρι[ακοσ]τοῦ
639 3587 696 3651 καὶ
718 3581 873 3670 ἑβδόμου.

391 3713 426 3770 ln
448 3711 540 3770 titulis
558 3710 753 3769 Lamiensinm
775 3709 855 3784 quod
873 3711 993 3770 verbum
1015 3709 1129 3791 ξενικῇ
1151 3711 1432 3786 nusquamlegitur,

307 3815 411 3873 mirum
440 3832 500 3873 non
529 3816 585 3888 est,
615 3830 680 3871 cum
710 3813 797 3889 pauci
825 3817 855 3872 et
883 3814 953 3873 satis
983 3814 1080 3873 mutili
1108 3817 1215 3874 extent.
1258 3814 1294 3871 In
1316 3813 1433 3873 Achaia

307 3916 475 3977 Phthiotide
502 3915 559 3975 dno
586 3918 699 3975 tantum
725 3916 804 3975 tituli
826 3916 951 3992 Augeae
973 3917 1047 3991 (228
1056 3919 1084 3993 c)
1107 3920 1137 3975 et
1158 3917 1297 3976 Meliteae
1319 3916 1393 3994 (207
1403 3919 1432 3992 c)

306 4018 363 4079 hoc
383 4019 504 4080 verbum
522 4018 674 4096 praebent.
708 4019 744 4076 In
762 4019 856 4078 titulis
871 4018 1080 4079 Hestiaeotidis
1099 4019 1169 4078 eatis
1187 4037 1255 4078 raro
1272 4020 1432 4080 invenitur:

393 4272 416 4341 ¹)
433 4271 466 4326 In
484 4275 585 4342 ectypo
601 4270 709 4327 litterae
727 4272 802 4326 Ass
821 4273 1030 4340 cognoscuntur.

392 4358 415 4427 ²)
433 4355 475 4412 cf.
492 4357 590 4427 Kroog
606 4373 633 4426 p.
645 4360 678 4412 49
687 4372 748 4426 sqq.
