3376 5150
1301 436 1343 495 85

302 603 365 661 Iam
384 602 464 678 prius
485 603 674 678 eognovimus
689 603 825 679 Hypatae
847 605 1011 680 quaestoris
1025 607 1092 665 loco
1108 608 1204 666 aetate
1218 605 1344 682 impera-

216 707 311 763 torum
337 720 445 763 novum
472 705 672 780 magistratum
698 705 860 765 institutnm
887 723 952 766 esse
978 706 1017 766 ad
1039 707 1166 768 rationes
1188 708 1344 785 vectigalis

216 807 328 882 publici
359 805 533 882 fungendae.
590 806 741 878 Quodcnm
775 808 938 884 contingat,
970 813 1003 868 ut
1033 807 1112 868 hunc
1144 811 1343 884 magistratum

217 909 382 968 accuratius
402 921 612 984 cognoscamus
632 927 668 968 ex
689 913 827 985 quattuor
845 911 940 970 titulis
960 911 1022 988 (17.
1041 911 1088 969 19.
1106 912 1156 969 21.
1173 912 1234 986 23),
1253 913 1343 986 paulo

217 1012 343 1087 amplius
369 1010 406 1071 de
432 1010 489 1071 hoc
515 1012 579 1071 viro
607 1030 701 1088 agam.
749 1013 865 1072 Titulus
893 1014 932 1072 23
960 1017 1097 1073 exaratus
1124 1017 1167 1073 est
1193 1014 1224 1071 in
1249 1015 1343 1073 latere

217 1112 320 1173 dextro
341 1112 469 1173 eiusdem
489 1113 606 1189 lapidis,
626 1115 725 1190 quiin
744 1113 841 1175 fronte
860 1114 950 1175 habet
968 1117 1084 1175 titulum
1100 1115 1287 1175 honorarium
1303 1117 1342 1174 37

217 1219 247 1275 et
267 1216 299 1275 in
319 1216 414 1275 latere
436 1215 552 1274 sinistro
571 1217 688 1275 titulum
708 1216 762 1289 24;
786 1234 861 1293 qnae
881 1218 963 1278 uncis
981 1235 1043 1277 non
1060 1219 1174 1278 inclusa
1192 1221 1267 1293 sunt,
1289 1236 1343 1294 ego

218 1317 250 1376 in
273 1320 378 1394 ectypo
400 1319 539 1394 cognovi:

283 1464 493 1552 Σωσάνδρου
523 1469 588 1532 τοῦ
617 1462 838 1547 Νικοβούλοο
868 1469 930 1534 τοῦ
964 1468 1178 1556 [ἒπιμελητοῦ
1210 1472 1281 1535 τῶν

261 1639 265 1648 ,
780 1562 1055 1656 ἄπελευθερικτὸν
1074 1576 1165 1659 χρη-]

283 1667 426 1756 [Μάτων
455 1662 673 1757 ἄν[α]γροιφ[ὴ
696 1675 782 1752 dciv
806 1671 1022 1753 δεδοο[κόττον
1043 1677 1097 1756 τῆι
1119 1671 1218 1740 πόλει
1240 1671 1280 1740 τὸ

779 1776 839 1860 τῆς
861 1777 1122 1860 στηλογραφίας]

282 1865 442 1960 ἀργύριον
465 1876 735 1960 στρατηγοῦντος
756 1865 828 1957 Ἆ6[
830 1925 927 1939 .....
949 1882 1066 1955 mensis,
1090 1881 1165 1959 dies]

303 2031 385 2103 Quae
408 2045 473 2092 cum
495 2033 536 2092 ita
558 2050 589 2092 se
612 2032 754 2107 habeant,
776 2053 804 2092 n.
821 2035 861 2093 24
883 2033 1009 2094 indicem
1032 2035 1191 2095 concludit.

304 2135 391 2194 Hunc
413 2136 592 2211 singularem
615 2136 816 2210 magistratum
838 2153 959 2196 necesse
983 2140 1038 2211 est,
1061 2141 1093 2196 ut
1113 2139 1229 2214 penitus
1251 2140 1345 2214 inqui·

216 2255 323 2297 ramus.
359 2238 454 2296 Tituli
476 2238 523 2297 16.
544 2239 593 2297 21.
614 2239 652 2296 22
673 2238 704 2296 in
724 2238 827 2298 eodem
846 2239 947 2315 lapide
965 2241 1007 2298 ita
1026 2241 1139 2300 exarati
1159 2245 1234 2316 snut,
1253 2246 1284 2301 ut
1303 2244 1342 2300 21

217 2343 247 2399 et
268 2342 307 2398 22
330 2341 361 2397 in
383 2339 480 2399 fronte
503 2341 688 2416 aspiciantur,
714 2342 751 2398 16
774 2342 804 2399 in
826 2343 920 2401 altero
942 2344 1036 2402 latere
1058 2345 1182 2418 legatur.
1227 2345 1344 2404 Titulus

216 2461 244 2500 n.
256 2442 293 2501 21
318 2441 376 2501 hoc
397 2441 483 2502 modo
506 2442 619 2518 incipit:
643 2437 778 2505 Ζωΐλου
800 2441 863 2504 τοῦ
885 2437 1090 2525 Παραμόνου
1109 2444 1171 2506 τοῦ
1191 2441 1345 2528 ἐπιμελη-

215 2543 279 2606 τοῦ
301 2544 373 2606 τῶν
395 2533 674 2626 ἅπελευθερικῶν
693 2540 874 2626 χρημάτων
897 2533 1074 2629 ἀναγραφὴ
1094 2545 1165 2607 τῶν
1187 2541 1345 2623 ‹reomao-

215 2666 287 2708 των
318 2640 419 2732 (τ]ὴν)
451 2647 492 2727 τῇ
522 2640 620 2709 πόλει
649 2641 689 2710 τὸ
720 2642 778 2731 τῆς
807 2647 1054 2729 στηλογραφίας
1084 2637 1344 2731 ἀργύρι[(οι>ον]

217 2748 511 2832 οτρ(ατηγοῦντος)
541 2745 724 2831 Γραικηΐοο
754 2745 924 2832 Πρόκλου.
981 2752 1043 2810 Iam
1074 2751 1213 2828 deinceps
1244 2771 1344 2812 manu·

217 2853 296 2912 missi
332 2853 418 2912 trium
455 2870 596 2911 annorum
632 2852 828 2928 proferuntur,
865 2854 915 2929 qui
946 2855 1077 2931 vectigal
1110 2855 1260 2931 publicum
1293 2856 1344 2916 ab·

217 2957 380 3029 solverunt,
403 2956 484 3015 cuius
506 2956 636 3015 rationes
658 2955 757 3015 reddit
778 2957 830 3015 ille
854 2957 1053 3031 magistratus,
1076 2958 1126 3031 qui
1146 2957 1192 3016 his
1211 2959 1343 3035 pecuniis

215 3061 345 3132 praeest,
371 3056 450 3116 unde
478 3057 556 3118 hunc
580 3059 675 3117 virnm
697 3059 899 3132 cognoscimus
921 3060 1086 3134 complures
1110 3075 1203 3118 anuos
1224 3077 1343 3119 munere

217 3177 281 3219 esse
313 3160 453 3220 functum.
506 3162 664 3220 Praeterea
693 3180 722 3219 n.
743 3163 783 3219 22
814 3162 897 3236 qnasi
926 3160 1155 3220 additamentum
1185 3166 1242 3234 est,
1276 3162 1344 3237 quia

218 3261 424 3322 Alexandrum
445 3263 482 3323 ab
497 3262 677 3339 Asclepiade
693 3263 899 3321 manumissum
913 3263 943 3320 in
959 3280 1045 3321 versu
1060 3264 1097 3321 16
1113 3264 1342 3339 praetermisisse

215 3365 243 3423 ei
261 3365 292 3423 in
312 3368 438 3424 mentem
458 3366 553 3437 venit3
573 3364 720 3424 difficilius
741 3369 785 3425 est
804 3385 831 3424 n.
845 3366 883 3423 16
905 3370 1041 3425 accurate
1060 3367 1255 3442 interpretari,
1274 3367 1342 3441 quia

218 3466 371 3527 confestim
401 3470 478 3528 servi
507 3472 595 3543 atque
625 3487 724 3528 eorum
753 3469 978 3527 manumissores
1008 3469 1070 3528 sine
1096 3468 1281 3544 praefatione
1308 3487 1342 3529 ac

214 3572 352 3646 temporis
383 3572 466 3647 signo
496 3571 681 3630 inducuntur.
732 3572 839 3629 Postea
865 3569 981 3629 demum
1007 3571 1037 3628 in
1064 3588 1151 3630 versu
1178 3572 1196 3628 9
1223 3575 1342 3646 praetor

215 3671 363 3732 inducitur
393 3675 511 3733 nomine
541 3673 682 3732 Cocceius
709 3673 816 3746 Lycus,
850 3673 929 3747 quod
957 3675 1047 3749 plane
1078 3673 1115 3730 ab
1145 3673 1200 3731 illa
1228 3675 1341 3732 ratione

217 3775 320 3834 abesse
342 3775 466 3848 videtur,
490 3793 565 3851 qnae
587 3775 673 3835 modo
695 3775 779 3834 nobis
802 3775 934 3846 obvenit3
960 3774 1012 3834 sed
1035 3774 1159 3834 eundem
1182 3775 1341 3852 lapicidam

215 3879 370 3953 utrumque
402 3878 518 3937 titulum
551 3878 603 3953 (21
628 3882 657 3937 et
682 3879 732 3954 16)
761 3879 949 3954 insculpsisse
981 3895 1018 3936 ex
1048 3878 1210 3937 litterarum
1239 3877 1341 3938 formis

215 3983 348 4053 apertum
377 3983 430 4039 est.
481 3980 638 4040 Praeterea
666 3979 723 4039 boo
753 3978 938 4039 confirmatur
964 3980 1074 4040 eisdem
1101 3981 1341 4040 manumissorum

215 4081 393 4155 nominibus,
427 4099 502 4157 qnae
536 4082 620 4142 nobis
654 4085 816 4141 occurrunt.
870 4083 972 4156 Itaque
1003 4081 1041 4140 ad
1069 4100 1170 4141 verum
1199 4083 1341 4142 accedere

215 4182 284 4241 mihi
314 4183 424 4257 videor,
455 4202 520 4243 cum
549 4184 673 4244 arbitrer
702 4185 786 4241 illum
815 4185 932 4242 titulum
962 4183 1027 4260 (16)
1056 4185 1201 4260 reliquam
1228 4189 1341 4261 partem

215 4286 360 4345 rationum
383 4287 458 4345 Zoili
484 4303 557 4346 esse.
599 4287 700 4362 Atque
725 4286 763 4344 ad
789 4285 842 4344 has
865 4285 1093 4345 deliberationes
1116 4286 1196 4346 aliud
1218 4288 1341 4360 accedit,

217 4399 274 4462 qno
316 4387 480 4448 evidentius
522 4406 664 4466 apparere
705 4387 776 4447 mihi
816 4387 944 4465 videtur,
986 4388 1063 4449 unde
1103 4390 1174 4449 illae
1211 4391 1340 4450 rationes
