3376 5150
324 469 384 530 108

320 643 439 703 servilia
465 659 556 718 opera
582 638 760 716 praestanda
786 639 961 715 obligantur.
1011 639 1047 698 Iu
1073 637 1150 697 tituli
1175 636 1313 697 Helensis
1338 656 1367 696 n.
1381 637 1441 696 109

319 766 348 804 v.
365 747 402 804 61
414 763 456 821 sq.
475 745 512 804 de
532 745 623 803 tribus
644 745 744 818 servis,
767 761 839 818 quos
860 743 1008 801 Menecles
1027 740 1226 800 Nieasimaehi
1244 739 1322 800 filius
1342 759 1442 801 manu-

320 849 409 922 misit,
439 847 495 907 hee
525 847 721 906 constituitur:
751 843 1000 925 παραμενοῦντι
1032 839 1066 904 δὲ
1096 837 1129 904 οἱ
1154 839 1443 924 προγεγραμμένοι

319 942 410 1029 παρὰ
436 951 612 1024 Μενεκλεῖ,
640 943 702 1022 tuq
730 937 771 1009 ἂν
797 946 857 1030 glyc.
902 948 936 1006 In
962 947 1021 1006 alio
1048 945 1132 1004 huius
1157 945 1279 1005 rationis
1307 947 1442 1021 exemplo

320 1052 359 1128 (u.
378 1054 471 1126 1282,
491 1051 544 1128 24)
580 1052 695 1111 iubetur
729 1050 852 1110 libertus
889 1067 1007 1108 manere
1044 1048 1122 1124 apud
1155 1051 1308 1123 utrumque
1341 1065 1442 1106 menu-

320 1155 480 1229 missorem,
502 1172 589 1230 quem
611 1153 648 1212 eb
670 1172 732 1212 rem
754 1153 942 1228 proponimus
963 1150 1041 1211 hane
1063 1149 1219 1234 medelum:

358 1297 583 1390 Ἀριστογένης
606 1304 767 1389 [Κτησίου
790 1303 846 1368 καὶ
869 1293 1044 1384 Εὐπάτρα]

359 1399 586 1490 Ἀριστοξένου
607 1404 773 1488 Ἰσιδαίραν
795 1401 857 1490 τὴν
879 1401 1024 1483 lantrih)
1048 1399 1172 1488 δούλην
1194 1394 1341 1486 ἀφῆκαν]

362 1508 548 1592 ἐλευθέραν
569 1505 654 1574 κατὰ
676 1503 738 1573 τδν
759 1505 877 1592 νόμον,
899 1510 1098 1591 παρα[μενεϊ
1120 1505 1165 1586 δέ,
1188 1499 1250 1582 teg
1273 1497 1327 1585 ἂν]

364 1614 430 1694 [ghi
451 1602 673 1696 Ἀριστογένης
696 1610 843 1695 Κτησίου
867 1609 922 1673 καὶ
946 1599 1150 1692 [Εὐ]ποί[τρα
1168 1597 1419 1692 Άριστοξένου].

404 1769 486 1828 Haeo
508 1766 641 1828 eondieio
665 1765 803 1826 manendi
825 1765 903 1841 apud
925 1768 1080 1840 patronum
1102 1781 1193 1838 usque
1209 1764 1340 1822 advitae
1355 1762 1441 1822 finem

319 1873 452 1946 promota
475 1872 562 1930 etiam
583 1871 614 1928 in
635 1870 727 1928 titulis
742 1867 898 1944 Delphicis
919 1868 1102 1940 aliarumque
1124 1867 1274 1942 regionum
1297 1867 1443 1926 invenitur

319 1974 411 2032 veluti
427 1973 523 2033 SGDI.
536 1973 625 2048 1715,
644 1972 694 2030 ubi
708 1972 782 2031 haee
799 1974 910 2030 extent:
930 1966 1206 2050 παραμείναντες,
1226 1957 1298 2050 δχρι
1313 1988 1355 2029 κα
1372 1961 1441 2051 ζώη

318 2062 562 2159 Ἆγαμήσταιρλ)

404 2194 486 2253 Haee
508 2195 633 2269 simplex
656 2192 794 2252 manendi
808 2191 901 2252 ferma
916 2192 997 2250 vario
1014 2190 1099 2250 modo
1116 2194 1238 2266 augetur
1253 2193 1281 2250 et
1297 2191 1441 2265 minuitur,

319 2298 361 2355 ita
382 2301 414 2355 ut
436 2317 454 2356 a
475 2297 582 2356 liberte
604 2298 777 2372 postuletur,
798 2300 830 2354 ut
852 2299 911 2355 tres
934 2298 983 2354 aut
1005 2295 1134 2370 quinque
1156 2299 1205 2352 aut
1227 2295 1329 2354 deeem
1349 2311 1441 2353 annos

319 2399 421 2460 officiis
448 2417 519 2474 erga
544 2403 697 2475 patronum
725 2398 870 2474 fungatur.
914 2399 1031 2457 Titulus
1053 2396 1218 2456 huiusmodi
1240 2416 1267 2455 n.
1285 2397 1343 2453 221
1369 2414 1439 2471 quo-

319 2501 405 2560 mode
435 2501 628 2577 explicandus
658 2502 707 2575 sit,
741 2499 837 2560 adhue
868 2500 905 2558 ab
936 2499 1094 2559 editoribus
1122 2517 1182 2558 nou
1212 2499 1359 2574 cognitum
1389 2501 1440 2573 est,

318 2623 383 2664 eum
409 2603 530 2663 difficile
556 2605 592 2664 sit
618 2603 790 2676 diiudicatu‚
817 2607 955 2677 quantum
982 2603 1106 2678 spatium
1133 2602 1169 2660 ab
1196 2605 1320 2674 utroque
1346 2601 1441 2660 latere

319 2706 507 2765 desideretur.
557 2707 603 2763 Ex
631 2707 749 2765 nomine
772 2691 986 2786 Ἡρακλείδας
1015 2703 1125 2778 aliquid
1154 2705 1227 2763 serti
1253 2703 1440 2778 assequimur,

318 2810 387 2884 quia
414 2813 442 2868 et
468 2810 499 2866 in
526 2809 692 2868 aeuusativo
720 2812 749 2867 et
774 2809 805 2866 in
828 2808 1006 2866 nominative
1030 2806 1163 2866 occurrit.
1208 2804 1289 2876 Quae
1312 2823 1377 2865 eum
1399 2806 1441 2863 ita

318 2912 389 2984 sint,
419 2912 537 2970 dubium
567 2929 626 2970 nen
655 2913 710 2985 est,
740 2911 812 2985 quin
840 2909 888 2968 hie
918 2908 1004 2968 homo
1031 2926 1134 2967 servus
1161 2907 1370 2967 existimandus
1396 2909 1440 2966 sit.

284 3051 287 3058 -
319 3013 400 3084 Quae
421 3013 548 3072 formula
569 3012 617 3072 hie
641 3015 833 3088 exspectetur,
855 3014 1016 3071 monstrant
1038 3011 1112 3070 haee
1136 3012 1286 3086 exempla:

463 3187 491 3230 n,
505 3168 565 3225 323
625 3154 760 3246 ἀφῆκαν
782 3158 992 3244 έλε[ν’οερον]
1016 3155 1077 3226 τδν
1101 3159 1193 3226 δεϊνα

463 3290 490 3329 n.
505 3270 592 3329 1021)
626 3255 644 3330 ὁ
668 3267 761 3331 δεῖνα
783 3257 1063 3348 ἀπηλευθέρωσεν
1085 3257 1147 3328 τὸν
1169 3264 1271 3329 δεῖνα.

403 3422 464 3480 Illa
486 3440 556 3481 vero
579 3422 742 3497 antiquiore
764 3424 860 3480 aetate
880 3421 911 3478 in
932 3437 986 3478 usu
1008 3418 1098 3478 fuisse
1119 3417 1243 3478 videtur.
1286 3420 1322 3476 ln
1344 3420 1439 3478 altero

318 3527 385 3584 loeo
422 3524 470 3583 hie
501 3519 716 3607 Ἡρακλείδας
753 3525 867 3583 iubetur
899 3540 1017 3582 manere
1050 3522 1129 3598 apud
1160 3525 1327 3597 patronum,
1365 3539 1439 3596 quae

318 3645 365 3687 res
406 3626 585 3702 significatur
624 3628 716 3686 verbo
756 3615 863 3708 παρὰ,
906 3624 985 3700 quod
1020 3626 1051 3682 in
1088 3629 1193 3700 ectypo
1229 3624 1337 3699 legitur
1373 3627 1440 3699 post

317 3731 394 3789 illud
422 3748 538 3790 nomen.
582 3728 667 3800 Quod
695 3730 720 3788 si
748 3733 827 3789 reete
856 3729 1038 3803 interpretati
1060 3745 1169 3803 sumus,
1199 3727 1338 3787 inversu
1361 3727 1379 3785 5
1403 3725 1439 3786 de

317 3834 412 3909 pretio
448 3833 650 3892 manumisseri
686 3831 798 3907 dando,
834 3832 865 3889 in
900 3829 957 3888 fine
994 3829 1031 3889 de
1066 3830 1205 3904 vectigali
1238 3829 1357 3905 publico
1391 3829 1440 3904 egi

318 3938 422 3995 eludet.
472 3936 537 3995 Hue
567 3933 693 4008 aceedit,
723 3933 800 4009 qued
828 3937 934 4009 eetypo
961 3933 1127 3992 examinato
1153 3933 1184 3990 in
1209 3949 1297 3991 versu
1324 3931 1344 3988 4
1371 3948 1439 4006 eeg-

317 4039 387 4097 novi
411 4037 465 4096 hes
492 4038 617 4097 litteras:
644 4035 803 4099 ΠΑΡΑΡ.
847 4037 909 4095 Iam
934 4037 965 4094 in
987 4053 1022 4095 eo
1044 4038 1102 4109 est,
1127 4038 1160 4093 ut
1180 4035 1298 4093 titulum
1319 4036 1439 4110 plenum

317 4140 475 4216 proferam:

403 4357 782 4430 1)01011611]ἓ](έιΙ)Ι.1689.
802 4363 875 4413 1702.
896 4362 968 4412 1703.
989 4362 1062 4411 1111.
1083 4361 1157 4411 1110.
1177 4360 1251 4411 1721.
1270 4359 1344 4410 1761.
1365 4359 1439 4410 1152.

320 4450 394 4500 1801.
418 4449 492 4500 1826.
514 4449 588 4500 1846.
610 4449 682 4501 1865.
703 4448 777 4500 1806.
798 4450 870 4500 1810.
891 4447 964 4501 1931.
985 4447 1057 4498 1967.
1078 4447 1151 4498 1912.
1171 4446 1245 4497 1915.
1267 4445 1342 4497 2014.
1363 4443 1438 4495 2034.
