3376 5150
313 443 354 508 72

312 616 443 676 versibus
466 615 574 676 dictum
596 619 640 676 cst
661 615 739 676 hunc
761 616 886 677 indicem
910 620 1078 694 catalogum
1095 618 1265 680 libertorum
1285 608 1435 696 (ἀπελευ-

312 715 439 800 θέρων)
458 722 529 780 esse.
567 718 677 790 Quibus
696 720 903 795 perpensitatis
922 721 1024 781 titulus
1042 721 1098 781 hoc
1113 721 1175 782 fere
1190 722 1276 782 modo
1293 724 1436 799 explicari

312 825 420 898 potest:
448 819 731 904 [στρατηγοῦντος
753 821 817 884 τοῦ
841 819 963 898 δεῖνος,
990 817 1208 905 ταμιεύοντος
1229 825 1291 887 τοῦ
1314 823 1434 900 δεῖνος]

313 917 359 1000 [οἱ
396 919 431 984 δὲ
467 911 691 1005 ἀπελεύθεροι
723 921 780 985 καὶ
813 921 1008 1000 δεκαπέν]τε
1041 927 1217 1010 στα[τῆρας
1252 921 1436 1002 δεδωκότες

312 1025 368 1106 τῆι
392 1019 505 1102 πόλει]
532 1016 619 1087 κατὰ
643 1019 705 1087 τὸν
733 1019 866 1107 [νόμον
895 1027 1023 1104 mensis}
1068 1029 1139 1090 Cum
1164 1030 1195 1088 in
1221 1047 1306 1089 versu
1332 1035 1435 1106 quarto
1520 1076 1522 1080 .

312 1128 455 1204 reliquiae
471 1124 535 1190 ἅτε
545 1130 690 1205 legantur,
706 1128 907 1188 concludimus
919 1129 1073 1189 formulam
1085 1132 1317 1192 manumissionis
1328 1134 1436 1208 passim

312 1231 354 1289 ita
379 1230 532 1289 formatam
559 1247 634 1290 esse:
662 1217 680 1292 ὁ
709 1226 801 1292 δεῖνα
826 1229 1119 1312 ἀπελευθερωθεὶς
1142 1227 1209 1296 dud
1232 1233 1296 1296 τοῦ
1319 1231 1436 1308 δεῖνος.

399 1332 469 1393 Cum
491 1333 522 1391 in
544 1332 645 1392 harum
668 1335 834 1393 tabularum
856 1335 944 1393 initiis
966 1336 1064 1394 omnia
1085 1339 1115 1394 et
1130 1335 1167 1395 ad
1182 1337 1436 1396 manumissionem

313 1437 342 1494 et
371 1433 408 1494 ad
439 1436 569 1510 vectigal
597 1435 747 1511 publicum
776 1437 955 1512 pertinentia
984 1443 1209 1498 commemorata
1232 1440 1301 1515 sint,
1330 1457 1384 1516 per
1405 1457 1436 1499 se

312 1537 470 1596 verisimile
492 1554 556 1596 esse
579 1536 694 1596 videtur
713 1555 812 1597 servos
828 1543 915 1614 atque
930 1541 1154 1600 manumissores
1169 1541 1296 1617 simplici
1310 1541 1437 1601 formula

312 1638 420 1715 induci,
440 1638 518 1715 quod
537 1639 669 1716 profecto
688 1641 729 1698 ita
749 1657 780 1700 se
800 1639 897 1700 habet.
933 1643 995 1701 Iam
1015 1643 1045 1700 in
1065 1644 1271 1719 antiquissimis
1291 1644 1436 1704 indicibus

312 1742 386 1802 haec
408 1741 535 1802 formula
557 1744 688 1802 obvenit:
712 1727 730 1803 ὁ
754 1740 847 1805 δεῖνα
869 1732 935 1806 ἀπὸ
957 1743 1019 1806 τοῦ
1041 1741 1150 1819 δεῖνος
1169 1745 1221 1824 (cf.
1241 1747 1329 1805 414a
1349 1751 1378 1806 et
1397 1749 1436 1822 b),

313 1863 388 1921 quae
419 1848 508 1906 verbo
539 1842 839 1926 ἀπελευθερῶσθαι
869 1851 991 1923 augetur
1020 1849 1060 1906 ita
1088 1853 1121 1908 ut
1147 1849 1271 1908 excedat
1297 1843 1315 1912 d
1345 1846 1438 1911 deivos

313 1944 607 2026 οἰτελευθεροοθεὶς
647 1940 714 2009 ἀπὸ
756 1949 818 2008 sive
858 1943 928 2012 ὑπὸ
964 1949 1029 2012 τοῦ
1065 1949 1174 2024 δεῖνος
1209 1956 1259 2010 aut
1296 1952 1437 2012 similiter.

312 2049 462 2108 Interdum
485 2051 613 2125 vectigal
635 2051 785 2126 publicum
804 2051 920 2111 additur
937 2056 1004 2128 post
1022 2055 1253 2113 manumissionis
1272 2054 1437 2128 formulam,

313 2151 406 2210 veluti
436 2151 467 2209 in
495 2152 581 2210 titulo
610 2171 638 2209 n.
658 2153 774 2210 secla
803 2153 894 2212 verba
924 2147 964 2214 τὸ
994 2145 1174 2235 γινόμενον
1205 2155 1369 2238 στατῆρας
1399 2149 1436 2218 ιε’

313 2252 487 2312 adiciuntur.
530 2252 612 2312 Idem
635 2253 743 2312 accidit
764 2255 795 2312 in
816 2256 968 2314 nonnullis
988 2256 1148 2317 Larisaeis:

315 2389 375 2449 539
422 2384 440 2451 d
463 2386 556 2451 δεῖνα
579 2375 597 2452 ὁ
621 2384 768 2470 φάμενος
790 2387 1096 2472 αἰιῆλευθερῶσθαι
1117 2385 1188 2454 dud
1210 2393 1274 2455 τοῦ
1298 2390 1405 2466 δεῖνος

419 2484 500 2565 τους
521 2488 720 2572 γινομένους
741 2491 783 2573 τῆ
804 2486 904 2554 πόλει
926 2493 1092 2574 στατῆρας
1114 2486 1161 2557 ιε’.

315 2610 377 2671 653
422 2605 440 2674 ὁ
463 2609 555 2674 δεῖνα
575 2605 593 2675 ὁ
615 2604 761 2693 φάμενος
781 2607 1114 2694 α’τιειλευθεροέσθειν
1134 2604 1201 2677 αἰιὸ
1222 2614 1283 2676 τοῦ
1301 2612 1409 2690 δεῖνος

420 2707 478 2788 τὸς
500 2707 675 2796 γινόμενος
697 2714 740 2800 τῆ
761 2708 842 2777 πόλι
863 2707 926 2777 κὰτ
948 2709 1009 2778 τὸν
1032 2709 1138 2798 νόμον
1162 2714 1312 2800 ἀργυρίοι
1334 2731 1409 2780 στα-

420 2825 531 2898 τεῑρας
554 2813 744 2879 δεκαπέντε.

314 2954 435 3015 Alicubi
457 2953 574 3013 additur
595 2955 661 3014 sola
681 2956 814 3031 pecunia.
824 2954 846 3032 1)
916 2939 918 2942 ’

400 3058 495 3116 Plena
525 3057 617 3116 oratio
648 3058 678 3116 in
706 3057 804 3117 indice
833 3059 937 3132 Pyrasi
966 3077 993 3116 n.
1012 3060 1071 3118 133
1101 3060 1260 3119 invenitur:
1295 3054 1313 3122 ὁ
1347 3056 1439 3122 δεῖνα

315 3154 608 3241 ἀπελευθερωθεὶς
631 3152 698 3221 ἀπὸ
721 3159 783 3221 τοῦ
806 3157 915 3234 δεῖνος
937 3154 1042 3224 ddecus
1064 3160 1119 3224 τᾶι
1141 3155 1238 3223 πόλει
1260 3149 1299 3224 τὸ
1323 3157 1361 3223 ἐκ
1377 3161 1439 3224 τοῦ

315 3255 424 3342 νόμου
446 3260 611 3342 στατῆρας
633 3258 671 3322 ιέ.

399 3365 462 3422 Iam
499 3381 534 3422 ex
571 3363 627 3423 hoc
662 3364 749 3423 titulo
786 3366 893 3439 elucet,
931 3364 1075 3440 quomodo
1112 3366 1202 3425 index
1238 3370 1268 3426 et
1303 3367 1438 3443 singulae

315 3465 556 3525 manumissiones
583 3466 666 3541 quasi
691 3467 768 3526 inter·
795 3484 825 3526 se
853 3467 1000 3526 coniuncti
1026 3468 1095 3542 sint,
1123 3467 1200 3544 quod
1226 3469 1312 3528 titulo
1335 3469 1437 3527 n.104

315 3567 510 3629 confirmatur:

468 3701 745 3787 Στραταγέοντος
767 3703 980 3788 Πτολεμαίου
1001 3733 1003 3738 ·

468 3807 531 3870 τοῦ
555 3804 825 3889 [θεμιστογένεος
848 3803 866 3870 ὁ
892 3806 985 3871 δεῖνα
1008 3803 1251 3890 discissisque]

470 3905 556 3992 [θεὶς
577 3901 659 3986 υπὸ]
683 3904 869 3972 Εὐαινέτου
892 3911 954 3972 τοῦ
971 3905 1172 3993 Ἀντιγένεος
1195 3906 1275 3975 dduc-

469 4033 507 4074 κε
528 4011 583 4074 τᾶι
605 4005 702 4074 πόλει
724 4005 763 4074 τὸ
786 4005 854 4074 ὑπὸ
876 4012 939 4077 τοῦ
961 4005 1068 4095 νόμου
1090 4013 1213 4096 τίμημα

407 4114 425 4174 5
471 4114 670 4196 [στατ(ῆρας]
695 4109 745 4191 ιε’]
769 4113 992 4190 Δικαινέτα(ς)
1018 4115 1189 4192 Σωσιβίου
1212 4112 1352 4180 ἀπελευ-

469 4217 677 4298 sacocum
698 4211 768 4279 ὑπὸ
792 4216 977 4296 Σιο]σιβέου
1000 4219 1063 4282 τοῦ
1085 4214 1195 4301 Στρά-

402 4435 425 4503 l)
443 4438 502 4489 566.
521 4438 578 4488 661,
597 4437 656 4489 563.
674 4438 732 4490 565.
750 4438 809 4488 666.
