3376 5150
1296 464 1357 523 125

236 634 367 695 ordinem
395 651 483 711 supra
508 635 653 710 prolatum
680 635 867 709 assequimur.
910 634 1069 693 Praeterea
1091 632 1233 693 dubitatio
1256 634 1358 694 haeret

236 739 267 797 in
293 756 380 798 versu
402 739 440 796 12
467 737 545 796 tituli
566 736 702 811 441344,
730 754 788 812 quo
809 738 877 796 ioco
899 737 998 796 Hiller
1019 738 1099 813 prius
1121 754 1249 797 mensem
1271 737 1359 796 Dium

236 844 266 901 et
301 838 434 917 posteal)
471 857 542 899 eura
576 841 681 899 iterata
718 825 922 921 [Epp]ato[v]
959 840 1116 916 supplevit
1174 839 1220 898 En
1254 839 1360 898 litteris

236 946 333 1002 autem
359 943 474 1002 traditis
499 945 616 1003 elucere
636 941 753 1002 videtur
775 945 928 1017 utramque
949 940 1181 1001 emendationem
1204 958 1268 1002 esse
1290 943 1360 1002 satis

235 1047 385 1105 incertam.
439 1047 515 1105 Nam
549 1063 614 1104 cum
648 1048 735 1105 antea
763 1031 907 1118 Ἰτώνιος
937 1037 1095 1127 Πάνημος
1127 1041 1300 1125 Θεμίστιος
1329 1045 1360 1103 in

236 1153 316 1208 recto
350 1148 453 1208 ordine
483 1152 654 1223 sequantur,
686 1147 860 1207 incredibile
890 1149 935 1206 est
963 1147 993 1205 in
1021 1164 1109 1206 versu
1134 1146 1171 1204 12
1201 1146 1359 1223 lapicidam

237 1252 381 1312 erravisse
424 1269 553 1310 mensem
591 1245 750 1331 Ἑρμαῖον
793 1253 862 1309 ante
904 1236 1098 1330 Ἆγαγύλιον
1137 1250 1360 1326 insculpentem.

236 1354 339 1428 ltaque
366 1353 408 1412 ibi
436 1353 556 1412 verbum
585 1343 678 1432 παρά
706 1354 801 1411 latere
830 1351 887 1410 rati
916 1350 1102 1411 emendamus
1131 1333 1187 1410 ita}
1220 1347 1361 1433 [a]a[p]d

234 1449 463 1536 Ἶ[π]πάρ[χου
484 1455 563 1531 dori
582 1451 770 1535 Σ[ωτ]ίμου
793 1441 1048 1535 ἁπελ(ευθέρου)
1070 1446 1234 1536 (δηνάρια)
1256 1446 1360 1532 κβ<’.

324 1559 377 1617 His
400 1559 603 1617 Larisaeorum
633 1557 716 1616 fastis
738 1558 941 1632 Metropolitas
972 1561 1001 1615 et
1028 1557 1108 1632 ipsos
1137 1574 1205 1616 usos
1235 1545 1298 1617 esse
1326 1575 1360 1617 eo

238 1661 453 1734 concludimus,
476 1660 555 1736 quod
576 1661 608 1718 in
629 1660 715 1719 huius
736 1659 816 1718 urbis
837 1659 931 1717 titulis
954 1657 1057 1717 eadem
1079 1659 1221 1718 mensium
1243 1661 1361 1718 nomina

237 1766 346 1822 extant.
389 1764 430 1822 Ut
450 1763 481 1821 in
503 1782 530 1820 n.
547 1764 607 1821 277
631 1762 790 1822 communis
812 1760 885 1820 ordo
906 1760 1093 1837 perturbatus
1115 1765 1159 1820 est
1181 1762 1237 1821 hoc
1259 1762 1361 1822 modo:

488 1898 576 1972 θῦος
595 1891 743 1980 Ἑρμαῖος
764 1889 907 1971 Ἰτώνιος
931 1896 1114 1977 Θεμίστιος.

323 2055 480 2113 Praeterea
511 2071 548 2112 ex
576 2052 724 2112 mensibus
746 2052 896 2111 titulorum
919 2071 945 2110 n.
962 2053 1062 2125 2763,
1078 2052 1137 2125 b,c
1160 2054 1361 2128 cognoscimus

237 2158 353 2216 titulum
379 2157 398 2216 b
425 2159 493 2215 ante
520 2175 538 2215 a
565 2173 629 2216 esse
655 2154 837 2232 ponendum,
863 2155 905 2212 ita
931 2158 963 2214 ut
988 2154 1062 2215 haec
1085 2156 1188 2215 tabula
1210 2158 1361 2232 paululum

239 2258 361 2319 confusa
382 2263 552 2320 enascatur:

367 2389 524 2479 Πάνημος
565 2396 604 2470 (n.
626 2396 726 2471 2766)
770 2391 944 2475 Θεμίστιος
981 2385 1170 2475 Άγαγύλιος
1207 2381 1362 2477 Ἑρμαῖος

366 2489 586 2571 Ἀπολλώνιος
610 2498 648 2573 (n.
665 2499 725 2556 276
735 2496 765 2575 a)
786 2493 1008 2578 Ὀ[μ]ο[λῴος]
1032 2498 1071 2572 (n.
1088 2498 1148 2555 276
1162 2515 1178 2556 c
1191 2498 1230 2574 6).
1250 2500 1263 2574 )

324 2653 460 2727 Denique
483 2670 511 2709 n.
528 2652 588 2709 279
611 2650 735 2726 praebet
752 2654 813 2709 tres
829 2667 951 2723 menses,
974 2649 1026 2709 sed
1041 2669 1105 2710 cum
1119 2651 1198 2727 lapis
1213 2670 1231 2710 a
1245 2652 1363 2711 sinistra

238 2758 323 2831 parte
345 2753 439 2813 fracta
461 2755 506 2826 sit,
530 2752 566 2813 de
588 2752 794 2812 emendatione
817 2754 980 2828 ambigitur.

323 2856 366 2915 At
380 2874 441 2914 non
455 2857 550 2914 solum
561 2855 742 2932 Metropolis,
757 2855 809 2914 sed
825 2855 912 2914 etiam
926 2855 1004 2932 aliae
1017 2855 1190 2915 Thessaliae
1205 2857 1292 2916 urbes
1306 2856 1363 2917 hoo

239 2977 390 3020 commune
402 2958 603 3018 calendarium
615 2957 818 3017 adhibuerunt.
843 2958 969 3031 (lyretiis
980 2956 1053 3018 haec
1064 2960 1183 3018 nomina
1194 2965 1362 3019 occurrunt:

233 3055 424 3142 {dyoydtpoc
439 3051 664 3132 Ἀπολλώνιος
679 3054 901 3139 Λεσχανόριος
916 3050 1263 3142 ἌφριοςὉμολῴοςρ)
1284 3063 1362 3121 unde

240 3164 406 3239 colligimus
439 3162 515 3221 hanc
547 3163 648 3221 urbem
679 3161 849 3237 volgaribus
879 3163 1026 3222 mensibus
1054 3164 1098 3222 uti
1127 3165 1230 3223 solere.
1280 3163 1362 3223 ldem

239 3266 361 3341 Aeginii
380 3265 490 3324 factum
510 3268 563 3338 est,
585 3282 649 3323 eum
670 3264 748 3323 tituli
765 3252 901 3344 Ἄφρων
919 3261 1074 3346 Ἑρμαῖον
1092 3256 1329 3345 Ἱπποδρὸμιον
1339 3265 1363 3343 ⁴)

239 3368 390 3444 praebent.
422 3369 526 3443 Neque
546 3367 632 3425 aliter
651 3365 688 3425 de
704 3365 791 3426 Oierii
805 3366 974 3426 calendario
988 3366 1176 3427 iudicandum
1191 3371 1243 3444 est,
1262 3386 1363 3443 quam·

240 3488 326 3546 quam
354 3472 434 3530 solus
462 3470 571 3529 mensis
592 3462 739 3542 Ἰτώνιος
761 3469 801 3543 (n.
818 3469 888 3542 259,
905 3469 936 3547 5)
957 3471 1113 3529 invenitur.
1157 3470 1216 3530 Sed
1242 3488 1307 3530 cum
1332 3472 1364 3529 in

239 3591 267 3631 n.
280 3574 339 3631 261
373 3572 480 3632 mensis
513 3569 602 3644 θῦος
634 3572 676 3629 ita
707 3570 869 3645 inducatur,
902 3573 934 3628 ut
966 3570 1005 3630 ad
1037 3575 1191 3646 utrumque
1224 3571 1363 3648 oppidum

240 3674 365 3734 Cierium
391 3679 421 3733 et
446 3673 633 3749 Metropolim
660 3673 806 3749 pertinere
833 3672 1056 3748 concludamus,
1083 3672 1171 3734 (tierii
1197 3691 1363 3734 communes

239 3775 332 3836 fastos
353 3777 384 3834 in
405 3792 460 3835 usu
481 3774 572 3834 fuisse
594 3779 725 3851 apertum
750 3777 802 3836 est.

327 4010 349 4079 ¹)
372 4009 413 4066 ds.
433 4011 506 4066 Corr.
524 4009 559 4065 ad
577 4009 624 4066 Is.
637 4011 702 4066 lxa
721 4014 889 4078 44.1344,12.

325 4098 347 4167 ²)
369 4097 427 4152 lam
450 4097 478 4149 in
501 4096 637 4164 prioribus
660 4095 787 4152 versibus
810 4111 874 4150 num
896 4095 1005 4151 nomina
1022 4095 1156 4151 mensium
1174 4100 1285 4152 exarata
1301 4097 1363 4167 sint,

240 4186 354 4251 propter
372 4180 447 4236 tituli
463 4180 659 4237 mutilationem
677 4181 810 4236 incertum
828 4185 879 4236 est.

326 4269 349 4334 ³)
371 4265 413 4322 cf.
431 4283 456 4321 n.
470 4267 587 4336 34464;
605 4271 701 4335 343,4;
721 4271 833 4335 areas,
853 4271 910 4336 344,
924 4270 952 4335 a;
970 4271 1084 4336 34334,
1103 4267 1218 4336 arabs,
1237 4272 1329 4338 arar.

326 4354 349 4422 ⁴)
372 4352 413 4408 Gi.
431 4355 569 4419 44.326,1;
593 4351 704 4421 anaba
732 4351 847 4417 3²5b73
871 4352 986 4422 32668,
1008 4350 1126 4407 intituli
1144 4356 1231 4407 44326
1249 4368 1330 4408 versu
1348 4357 1363 4406 2

241 4441 330 4492 utrum
347 4437 448 4493 mensis
465 4451 499 4492 an
517 4436 599 4493 homo
616 4435 708 4507 lateat,
726 4436 860 4492 incertum
878 4440 929 4492 est
