3376 5150
1272 434 1279 458 ”
1293 433 1332 502 99

209 609 327 676 functus
349 613 401 674 est.
445 609 739 675 Seirenoussai
762 613 877 675 titulum
901 615 970 690 280,
998 617 1078 676 cuins
1100 617 1209 692 primns
1232 633 1334 676 versus

209 717 283 779 haec
313 717 402 777 habet
431 717 511 775 hand
540 717 627 776 dubie
655 721 735 777 recte
765 721 913 794 suppleta:
948 714 997 796 [ἐκ
1026 719 1105 796 τ]οὖ
1134 717 1333 797 δοθέν[τος].

211 819 268 879 Sed
287 819 361 879 haec
381 820 472 879 verba
491 819 562 896 qnid
582 821 638 879 sibi
657 821 758 896 velint,
778 819 897 880 difficile
915 825 959 882 est
974 825 1140 882 enucleare.
1173 823 1240 881 Dno
1257 823 1334 882 servi

210 924 458 998 manumittuntur,
481 923 560 998 quod
582 941 618 982 cx
641 925 746 983 ceteris
769 942 844 999 quae
867 927 981 998 extant,
1004 927 1161 1002 praecipue
1185 943 1222 984 ox
1244 927 1333 984 vecti·

210 1027 272 1101 gali
299 1025 514 1101 quadraqninta
536 1026 665 1101 qninqnc
688 1026 839 1085 denarium
860 1025 952 1087 facile
975 1029 1080 1102 colligi
1102 1031 1206 1104 potest.
1249 1029 1335 1087 Alter

211 1145 309 1186 corum
332 1129 487 1204 pecuniam
510 1146 548 1187 ex
569 1128 639 1187 fisco
663 1129 741 1188 urbis
760 1130 873 1205 accipit.
910 1130 1015 1189 Verbis
1033 1125 1070 1191 ἐκ
1089 1129 1153 1192 τοῦ
1171 1126 1336 1203 δοθέντος

210 1231 313 1289 titulus
345 1249 373 1288 n.
393 1232 473 1289 1282
508 1230 659 1290 commodo
693 1249 756 1290 esso
789 1231 913 1291 videtur.
970 1233 1045 1291 Nam
1078 1232 1152 1292 hacc
1184 1235 1335 1309 leguntur:

211 1326 383 1410 ία[βόντες
407 1325 531 1414 λύτρον
552 1326 660 1414 πορ]ὰ
678 1328 861 1396 Μεθυοτου
883 1333 948 1396 τοῦ
967 1333 1140 1410 Σωσιβίου
1161 1323 1336 1416 [ἀργυρίου

211 1427 365 1516 δηνάρια]
396 1427 519 1497 ἑκατὸν
546 1427 769 1516 πεντήκοντα.
778 1438 802 1512 1)
853 1436 1015 1512 Methystcs
1043 1437 1149 1498 Sosibii
1177 1438 1254 1498 iilius
1281 1439 1336 1498 hoc

210 1539 277 1596 loco
305 1538 460 1612 pecuniam
487 1539 720 1598 manumissionis
742 1539 871 1598 absolvit
892 1540 1162 1615 manumissoribus,
1190 1559 1266 1617 qnao
1289 1559 1336 1600 ros

211 1639 298 1698 etiam
327 1640 357 1698 in
386 1641 473 1721 titulo
501 1641 727 1717 Metropolitano
755 1643 842 1701 alteri
868 1643 1042 1702 manumisso
1070 1643 1185 1703 assidit.
1232 1645 1336 1718 Itaque

211 1742 314 1800 titulus
337 1740 394 1801 hoc
417 1740 503 1801 modo
525 1745 632 1818 plenus
653 1741 696 1801 lit:

255 1894 551 1977 [Στρατηγοῦντος
584 1895 648 1958 τοῦ
685 1894 794 1971 δεῖνος
829 1899 948 1957 nomina
984 1899 1154 1958 libertorum
1189 1895 1294 1983 λύτρα

698 1995 824 2077 δόντες,
848 1994 866 2063 ὁ
889 1997 951 2081 μὲν
972 1997 1009 2063 ὲκ
1030 2002 1106 2078 τ]οῦ
1129 2000 1248 2064 δοθέν-

255 2095 325 2178 [τὸς
354 2087 421 2163 δπδ
450 2099 514 2164 τοῦ
545 2098 653 2174 δεῖνος
680 2120 787 2161 nomen
812 2105 905 2179 patris
931 2099 1105 2186 ἀργυρίου,
1133 2101 1155 2167 δ
1182 2101 1218 2166 δὲ
1244 2100 1293 2182 ἐκ]

697 2204 770 2266 τῶν
792 2206 919 2267 κοινῶν
940 2205 999 2287 τῆς

255 2299 402 2381 [πόλεως
424 2299 607 2386 προσόδων
629 2302 961 2389 ἀπηλευθερωμέν]οι
983 2310 1055 2370 κτλ.

297 2461 360 2518 Iam
391 2461 589 2537 quaerendum
620 2465 675 2535 est,
707 2480 765 2537 qua
794 2462 830 2522 δυ
861 2480 950 2523 cansa
979 2468 1009 2524 et
1035 2465 1106 2524 nrbs
1134 2465 1199 2541 ipsa
1228 2469 1258 2524 et
1287 2466 1338 2524 alii

213 2565 395 2623 manumissis
421 2565 462 2622 ita
483 2563 619 2623 faverint.
662 2563 747 2635 Quod
770 2563 807 2622 ad
831 2567 954 2639 gratiam
977 2566 1056 2625 urbis
1079 2567 1194 2640 attinet,
1220 2569 1251 2625 in
1273 2586 1338 2627 eam

213 2667 378 2751 opinionem
401 2665 566 2740 deferimur,
591 2670 624 2724 nt
645 2667 755 2740 liberti,
783 2668 833 2742 qni
854 2666 912 2726 hoc
937 2667 1079 2728 beneficio
1101 2668 1274 2743 afficiuntur,
1301 2669 1338 2730 de

213 2768 284 2827 urbe
316 2770 415 2843 aliquo
445 2768 531 2827 modo
561 2769 636 2828 bene
666 2770 759 2828 meriti
788 2771 854 2831 sint.
908 2770 1067 2830 Difficilius
1097 2774 1141 2830 est
1170 2771 1338 2845 diiudicare,

214 2869 285 2946 qnid
307 2871 353 2944 sit,
376 2871 455 2946 quod
476 2871 563 2931 homo
586 2871 704 2946 quidam
725 2872 825 2931 liberti
844 2874 912 2932 loco
932 2875 1085 2948 pecuniam
1105 2875 1338 2934 manumissionis

215 2973 358 3031 absolvat.
412 2974 579 3033 Verisimile
613 2978 657 3033 est
688 2993 749 3033 rem
782 2975 824 3034 ita
856 2992 887 3034 se
921 2975 1042 3052 habere,
1076 2980 1109 3035 ut
1140 2994 1255 3049 servus,
1288 2976 1339 3052 qui

214 3073 293 3132 hand
315 3077 397 3133 tanto
419 3077 537 3151 pecnlio
560 3076 708 3152 praeditus
731 3080 786 3149 est,
810 3081 841 3136 ut
862 3079 988 3153 pret-ium
1010 3079 1245 3138 manumissionis
1268 3080 1339 3138 dare

213 3178 319 3252 possit,
353 3178 389 3236 ab
421 3179 515 3237 altero
543 3178 660 3238 homine
690 3178 767 3238 hanc
795 3181 950 3255 pecuniam
979 3184 1073 3256 petat,
1104 3183 1145 3240 ita
1174 3186 1206 3241 ut
1234 3185 1339 3258 postea

215 3279 357 3340 facultate
380 3281 449 3340 data
469 3280 538 3341 huic
560 3283 701 3341 resolvat.

301 3400 394 3472 Quom
415 3419 498 3460 usum
520 3403 646 3460 sirecte
668 3403 852 3478 interpretati
874 3421 984 3477 snmus,
1009 3404 1067 3462 iam
1088 3405 1166 3465 tituli
1189 3405 1338 3464 cuiusdam

215 3504 354 3580 Delphici
372 3505 601 3579 reminiscamur,
619 3506 651 3563 in
671 3524 728 3582 qno
744 3506 947 3582 Apollodorus
967 3507 1085 3583 quidam
1105 3509 1338 3568 manumissionis

214 3608 370 3683 pecuniam
406 3608 506 3666 liberti
541 3609 608 3667 loco
642 3609 844 3668 manumissori
877 3610 1015 3684 absolvit,
1052 3611 1131 3686 qnod
1163 3610 1208 3670 his
1240 3610 1338 3670 verbis

216 3710 396 3785 exprimitur:
431 3705 504 3771 ἐπεὶ
533 3702 636 3771 ἔδωκε
663 3701 919 3793 Ἀπολλόδωρος
947 3698 1031 3794 ὑπὲρ
1063 3709 1210 3774 Φαινὲαν
1238 3713 1341 3774 Νικοῑ

215 3807 275 3885 τὰς
296 3809 397 3873 πέντε
418 3811 502 3893 μνᾶς
524 3812 635 3888 (SGDI.
653 3814 755 3889 1723).

301 3933 459 3992 Praeterea
490 3934 522 3991 in
553 3935 639 3994 titulo
672 3935 811 3994 Larisaeo
844 3955 872 3994 n.
893 3936 953 3995 559
987 3954 1056 3996 usus
1089 3937 1207 4013 quidam
1239 3955 1337 3996 manu·

217 4034 370 4110 missionis,
389 4037 440 4110 qui
458 4037 562 4096 similis
578 4038 693 4113 generis
709 4037 826 4097 videtur
841 4056 912 4112 esso,
932 4039 1060 4099 obvenit.
1093 4041 1175 4110 Haec
1189 4041 1338 4114 legantur:

304 4255 324 4324 ¹)
349 4253 380 4308 In
407 4260 486 4311 sexto
513 4255 591 4313 huius
617 4256 690 4312 tituli
713 4273 796 4312 versu
818 4257 912 4326 potius
936 4249 1096 4328 [Εὐπ]άτρα
1119 4255 1266 4327 legendum
1290 4261 1339 4324 est,

218 4341 282 4408 quia
298 4339 394 4394 lacuna
410 4343 467 4395 tres
483 4344 587 4396 tantum
604 4343 711 4398 litteras
729 4343 861 4410 continet;
881 4344 916 4398 do
931 4343 1045 4399 libertae
1059 4343 1169 4398 nominc
1184 4342 1339 4412 supplendo

217 4424 319 4496 ambigi
330 4428 431 4497 potest,
445 4426 495 4482 ssd
508 4425 622 4483 forsitan
636 4429 860 4500 [Κ]αφ[ι]σ[ι’]αν
873 4429 1009 4498 emendes,
1025 4428 1060 4484 cf.
1073 4427 1193 4497 Bechtel,
1211 4427 1251 4483 l.l.
1264 4432 1339 4499 pol.

1155 4531 1186 4588 7*
