3376 5150
345 373 385 432 96

344 527 615 624 ὖαοδηματάριος
638 533 703 603 ἀπὸ
725 540 818 622 Λαμᾶ
840 545 870 601 et
890 540 1062 601 Phalannae
1087 542 1176 617 1232,
1192 543 1227 602 4:
1253 540 1465 626 μαιηχανικολ

344 635 412 705 α’πὸ
434 639 640 717 Νικοκλέους
661 641 724 706 τοῦ
748 630 982 720 Αὐτοβούλου.

428 746 491 804 Iam
510 745 707 821 quaerendum
724 750 776 819 est,
796 764 872 822 qnae
887 763 934 805 res
949 741 1067 820 fuerint,
1087 747 1191 823 quibus
1206 748 1332 824 pretium
1348 767 1366 806 a
1382 765 1466 808 servo

344 848 547 907 manumissori
566 847 664 906 datum
683 847 843 907 indicatum
862 852 913 907 cst.
947 849 1112 908 Verisimile
1131 848 1188 908 hoc
1207 851 1249 908 ita
1267 849 1375 910 factum
1395 867 1467 923 esse,

343 954 376 1009 ut
401 951 593 1010 manumissor
620 950 793 1023 destinaret,
823 951 926 1025 quanti
952 968 1068 1010 servum
1096 953 1270 1011 aestimaret.
1319 951 1403 1022 Quod
1429 951 1467 1011 ad

343 1052 536 1129 reputandum
562 1051 685 1112 fortasse
711 1053 858 1129 peculium
880 1053 958 1112 servi
980 1072 1117 1130 magnum
1139 1057 1314 1115 momentum
1336 1055 1467 1114 attulisse

343 1155 468 1216 videtur.

428 1257 577 1317 Interdum
609 1257 667 1317 hoc
699 1259 859 1317 institutum
892 1258 929 1316 ab
960 1257 1119 1318 editoribus
1148 1277 1208 1318 non
1237 1260 1386 1334 cognitum
1416 1263 1467 1335 est,

345 1377 409 1419 eum
431 1361 512 1419 varis
535 1359 721 1435 significetur.
764 1361 800 1420 ln
821 1362 905 1419 titulo
928 1380 955 1419 n.
971 1351 1057 1420 loab
1080 1361 1153 1421 haec
1175 1362 1326 1438 leguntur:

386 1509 491 1597 μηνὸς
512 1511 706 1593 Κουραλίου
729 1513 892 1591 Εὐβίοτος
914 1513 1087 1596 Σαμ[ἱχου]

387 1612 669 1696 [τίπ]ελευθέροοσε
691 1609 755 1678 τὰν
776 1612 866 1678 ἰδίαν
890 1611 1107 1697 [θρε]ττ[τ]ἀ[α
1130 1619 1248 1695 nomen]

386 1707 554 1795 Εόβτότου
583 1708 698 1797 λαβών
723 1708 803 1800 παρ’
825 1708 930 1793 αὐτᾶς
958 1714 1064 1803 λύτρα
1086 1713 1152 1798 [τὰ]
1175 1716 1212 1782 ἐκ
1233 1719 1297 1782 τοῦ
1320 1712 1425 1801 νόμου

387 1819 552 1906 στατῆρας
575 1818 797 1898 saxonicus)

429 1975 493 2046 Quo
527 1977 557 2034 in
591 1975 768 2052 explicando
802 1959 928 2036 editores
957 1977 989 2035 in
1019 1996 1117 2038 errore
1146 1979 1255 2038 versati
1286 1982 1366 2051 snnt,
1400 1978 1469 2054 quia

342 2080 473 2154 vectigal
503 2079 653 2154 publicum
684 2084 712 2138 et
741 2082 896 2155 pecuniam
926 2081 1159 2140 manumissionis
1188 2082 1352 2141 miscebant
1382 2086 1468 2156 atque

343 2200 396 2259 pro
434 2181 536 2242 eodem
573 2182 723 2258 putabant.
781 2184 886 2242 Verbis
922 2184 999 2241 enim
1033 2177 1148 2260 λαβὼν
1180 2185 1253 2245 κτλ.
1287 2185 1349 2242 alia
1380 2185 1468 2242 inter·

343 2286 507 2362 pretatione
544 2284 655 2344 mederi
691 2285 869 2344 conabimur.
926 2286 989 2343 lam
1023 2286 1055 2343 in
1087 2286 1185 2361 priore
1218 2286 1314 2361 capite
1347 2286 1468 2361 exposui

343 2387 465 2447 libertos
493 2387 558 2446 urbi
587 2388 716 2462 vectigal
747 2388 914 2461 absolvere,
944 2388 1023 2462 qnod
1052 2388 1120 2462 lege
1150 2387 1187 2446 ad
1217 2387 1383 2463 quindecim
1411 2391 1468 2446 sta-

342 2493 420 2550 teres
451 2489 632 2565 designatum
663 2494 714 2549 est.
765 2491 810 2549 De
838 2488 894 2548 hac
921 2494 1001 2549 certa
1026 2491 1151 2565 pecnnia
1177 2491 1263 2550 etiam
1289 2489 1338 2574 hic
1364 2491 1468 2564 agitur,

344 2592 422 2668 qnod
454 2592 552 2652 verbis
589 2588 626 2654 ἐκ
663 2592 727 2653 τοῦ
764 2586 871 2672 νόμου
907 2590 1072 2675 στατῆρας
1105 2589 1287 2654 δεκαπέντε
1320 2594 1468 2668 probatur.

343 2697 503 2755 Praeterea
524 2695 555 2753 id
577 2695 767 2772 spectandum
791 2699 835 2753 est
856 2699 888 2753 ut
910 2689 950 2756 τὸ
974 2687 1099 2775 λύτρον
1120 2699 1367 2768 commemoretur,
1390 2693 1468 2770 quod

344 2799 535 2857 manumissor
556 2797 696 2857 Enbiotns
719 2798 835 2873 accipit,
858 2801 946 2872 atque
968 2797 1090 2869 accedit,
1114 2801 1145 2856 nt
1165 2799 1274 2857 lacuna
1293 2798 1349 2855 illa
1367 2813 1469 2855 versus

345 2901 433 2974 sexti,
469 2900 519 2959 nbi
555 2901 672 2960 litterae
704 2898 801 2962 ΑΣΕ
835 2902 969 2976 cognitae
1003 2903 1082 2974 aunt,
1119 2900 1330 2977 supplementis
1363 2901 1469 2958 careat.

345 3003 430 3063 Unde
452 3003 491 3076 fit,
514 3005 669 3062 attitulas
691 3004 733 3061 ita
755 3002 882 3063 describi
903 3004 1010 3079 possit:

471 3132 584 3217 λαβὼν
604 3132 711 3221 λύτρα
732 3134 736 3221 i
758 3137 841 3215 [τᾶς]
862 3127 1223 3218 ἇ[ττ]ε[λευθερα5σεως·
1244 3131 1348 3199 ἔδωκε
1363 3130 1415 3214 τὸ]
1433 3131 1469 3198 ἐκ

472 3240 535 3303 τοῦ
558 3231 666 3321 νόμου
690 3236 694 3322 Ι
719 3239 883 3323 στατῆρας
907 3237 1098 3302 δεκαπέντε.

431 3397 564 3456 Oeternm
595 3395 644 3455 hic
673 3413 741 3454 usus
771 3397 853 3455 vario
883 3395 969 3454 modo
996 3396 1027 3453 in
1053 3395 1146 3454 titulis
1172 3394 1353 3454 Thessalicis
1380 3394 1469 3468 signi-

344 3498 456 3572 ficatur,
479 3499 557 3575 quod
579 3500 611 3557 in
631 3499 718 3558 titulo
741 3499 960 3558 Azori1293c
983 3499 1152 3573 neglectum
1174 3502 1227 3557 cet.
1271 3498 1300 3556 A
1323 3514 1410 3556 versu
1431 3496 1468 3555 15

344 3600 420 3660 haec
442 3603 594 3677 leguntur:

472 3731 492 3817 ἡ
525 3734 617 3799 δεῖνα
646 3731 666 3820 ῆ
697 3724 970 3819 ἇπε[λευ]θερ[αο]
995 3732 1000 3818 Ι
1023 3739 1123 3799 θεῖσα
1149 3728 1217 3798 ὑπὸ
1239 3731 1439 3814 Άλεξίπττου
1464 3729 1468 3816 Ι

474 3837 551 3914 [τοῦ
577 3827 790 3918 Άλεξ]ίππου
823 3834 974 3916 [ἔδωκεν]
1003 3835 1008 3922 l
1035 3838 1077 3920 τῆ
1103 3831 1201 3901 πόλει
1227 3833 1269 3899 τὰ
1295 3829 1470 3918 γεινόμενα

475 3938 512 4003 ἐκ
534 3942 597 4004 τοῦ
619 3937 753 4023 νόμ[οα]
778 3938 782 4024 Ι
806 3939 863 4004 καὶ
884 3936 925 4004 τὸ
948 3936 1088 4004 ἑαυτῶν.

432 4177 452 4246 1)
475 4175 551 4239 Quae
574 4176 652 4231 aneis
675 4190 729 4230 non
754 4175 956 4246 incluserunt,
985 4191 1037 4246 ego
1061 4176 1088 4229 in
1112 4179 1214 4245 ectypo
1238 4173 1307 4244 legi;
1334 4173 1470 4229 Eubiotns

345 4259 430 4329 igitur
455 4259 537 4315 simul
562 4260 741 4317 manumissor
767 4265 796 4316 et
820 4266 900 4330 pater
926 4276 1024 4316 servae
1050 4264 1104 4330 eat,
1131 4260 1205 4316 unde
1228 4258 1355 4315 concludi
1377 4263 1470 4330 potest

345 4345 415 4399 hanc
432 4346 542 4400 notham
559 4344 653 4401 fuisse.
