3376 5150
323 401 364 483 ἐι

324 613 388 676 oum
415 612 450 653 ea
472 597 559 671 atque
581 595 642 654 eius
665 588 845 676 παιδάριον
867 597 1118 670 manumittantur,
1146 598 1275 674 vectigal
1296 599 1445 674 publicum

323 696 381 770 dat,
403 698 445 756 ita
466 700 498 756 ut
518 697 549 754 in
570 696 627 756 fine
650 699 838 774 suppleamus
860 697 946 758 haee:

528 830 735 916 [Φιλονμένη
758 823 790 895 δ’
813 826 952 911 &darhes
973 833 1014 915 τῇ
1035 825 1134 898 πόλει
1156 829 1235 910 τούς

526 931 577 1012 [ἐκ
599 937 661 998 τοῦ
683 929 790 1017 νόμον
813 934 1009 1018 γινομένους
1032 938 1212 1019 οτατῆ]ρας

526 1031 718 1120 τριάκοντα.

409 1176 491 1248 Quae
511 1193 575 1235 oum
594 1177 636 1235 ita
655 1177 721 1249 siut,
743 1178 859 1235 tertium
878 1176 964 1236 huius
983 1179 1100 1252 generis
1119 1197 1178 1237 non
1197 1180 1284 1238 aliter
1302 1181 1447 1256 explicari

323 1282 430 1355 potest,
461 1297 636 1355 quamquam
665 1297 724 1337 non
753 1297 906 1354 negamus,
936 1282 1006 1355 quin
1036 1280 1165 1340 dilucido
1194 1285 1336 1358 appareat
1362 1284 1446 1340 illum

323 1383 424 1461 uirum,
448 1383 498 1456 qui
519 1383 648 1456 vectigal
669 1400 723 1457 pro
746 1382 852 1441 liberto
875 1383 1002 1442 absolvit
1024 1384 1124 1458 aliqua
1145 1385 1362 1460 propinquitate
1381 1402 1445 1443 oum

323 1484 428 1542 liberto
447 1484 497 1541 uti.
538 1484 620 1542 Haeo
639 1485 716 1542 enim
735 1485 827 1543 verba
847 1486 996 1544 extantia
1015 1486 1102 1544 titulo
1122 1487 1261 1545 Larisaeo
1280 1487 1364 1563 (553,
1381 1487 1445 1562 25):

324 1579 497 1666 Νικάτουρ
521 1581 708 1658 Μνασέαιος
735 1580 820 1664 ὑπὲρ
844 1573 1051 1667 Ἀφροδισίοις
1074 1587 1268 1669 Δαϊμαχεὶας
1291 1575 1327 1662 ὃς
1350 1582 1413 1666 έφα
1423 1590 1446 1664 1)

323 1675 669 1768 ἇπειλεοβερούοθειν
691 1677 758 1749 αἰιό
777 1681 935 1769 Δαϊμάχοι
957 1687 1176 1771 Θειριμαχελοι
1197 1683 1254 1763 τὸς
1273 1683 1447 1772 γινόμενος

323 1787 366 1869 τῇ
387 1784 469 1851 πόλι
491 1810 555 1851 κατ
576 1782 639 1851 τὸν
661 1779 769 1870 νόμον
791 1781 943 1871 ἄργυρίοι
966 1799 1139 1873 οτατεῑρας
1161 1785 1209 1854 ιε’.

410 1909 545 1969 Getarum
570 1911 699 1984 vectigal
724 1910 873 1985 publioum
901 1911 988 1970 etiam
1013 1911 1044 1969 in
1071 1912 1137 1970 aliis
1160 1911 1302 1972 Graeciae
1324 1914 1448 1972 terrisa

324 2013 416 2071 servis
435 2012 617 2071 manumissis
637 2011 702 2070 urbi
721 2010 814 2070 datur.
852 2011 933 2083 Quae
953 2029 1000 2071 res
1020 2030 1085 2072 oum
1104 2014 1135 2071 in
1151 2015 1243 2073 titulis
1259 2014 1447 2074 Chaeroneae

324 2113 448 2189 repertis
474 2113 534 2188 (lo.
550 2114 606 2172 VII
629 2113 853 2172 3301-3406.
877 2112 972 2189 3412)
997 2132 1057 2173 non
1078 2118 1156 2174 reete
1179 2117 1297 2190 oognita
1319 2117 1367 2189 sit,
1393 2116 1447 2176 has

239 2251 241 2254 -
325 2215 564 2275 manumissiones
592 2216 755 2274 aoouratius
776 2216 929 2290 inquiram.
974 2217 1129 2275 Formulao
1152 2218 1240 2275 simili
1261 2217 1347 2277 modo
1370 2235 1447 2277 eom·

323 2319 437 2394 positae
460 2320 527 2376 sunt
548 2335 584 2376 ao
606 2317 806 2393 Thessalioae,
829 2317 907 2394 quod
929 2317 985 2378 hae
1007 2318 1110 2376 tabula
1130 2318 1283 2394 probatur:

351 2455 400 2516 IG.
416 2456 472 2514 VH
496 2455 592 2514 3303:
635 2445 677 2535 κὴ
708 2451 870 2531 κατέβαλε
900 2454 941 2516 τῦ
966 2451 1066 2537 ταμίη
1093 2455 1136 2516 τῦ
1163 2451 1218 2518 ἐπὶ
1245 2455 1315 2518 τῶν
1341 2452 1449 2538 λαροὸν

630 2551 671 2619 τὸ
700 2549 902 2638 γινούμενον
931 2553 1076 2637 δραχμαῖς
1101 2551 1212 2620 flasse
1241 2568 1449 2641 παραχρεῖμα

493 2661 588 2718 3307:
633 2657 807 2737 [κατέβαλε
855 2655 890 2720 δέ
937 2655 991 2736 τὸ]
1040 2654 1239 2741 γενόμενο[ν
1283 2661 1324 2745 τῆ
1366 2655 1449 2723 πόλι

633 2763 852 2842 παραχρεῑμα]

494 2865 589 2924 3339;
635 2861 808 2942 [κατέβαλε
831 2862 866 2926 δὲ
887 2864 1108 2946 παραχρ]εϊμα
1125 2873 1177 2928 τεῑ
1194 2863 1294 2948 ταμίη
1314 2867 1377 2942 [τεῑ
1394 2861 1448 2928 ἐπὶ

631 2966 701 3029 τῶν
724 2961 831 3048 ἱαροόν
853 2962 893 3029 τὸ
917 2962 1142 3049 γινιούμενον]

493 3071 589 3130 3344:
634 3067 689 3131 καὶ
730 3067 913 3146 κατέβαλεν
954 3063 994 3132 τὸ
1035 3064 1214 3151 γινόμενον
1249 3070 1317 3154 τ[ἦι
1354 3065 1450 3133 πόλει

633 3172 852 3254 παραχρεϊμα]

494 3276 588 3336 3354:
633 3272 815 3353 κατέβαλεν
843 3268 896 3352 [τὸ
922 3274 971 3356 τῷ
994 3272 1095 3359 ταμίᾳ
1120 3275 1186 3338 τοῦ
1214 3268 1334 3358 δή]μου
1361 3270 1451 3356 γινό-

633 3397 736 3460 μενον
760 3378 991 3459 [παραχρεῑμα]

495 3481 589 3540 3406;
634 3476 808 3558 [κατέβαλε
853 3475 887 3541 δὲ
930 3468 970 3542 τὸ
1014 3473 1193 3561 γινόμενον
1235 3480 1451 3562 παραχρῆ]μα

633 3579 738 3644 εἴκοσι
761 3580 876 3659 πέν[τε
898 3580 1073 3666 στατῆρας]

412 3739 620 3814 Dittenberger
650 3739 758 3814 passim
788 3739 879 3797 verba
907 3735 1105 3820 παραχρῆμα
1134 3739 1272 3813 supplere
1300 3741 1452 3796 onustatus

328 3845 384 3916 est,
426 3860 490 3901 oum
527 3842 704 3917 neglexerit,
745 3840 815 3916 quid
851 3839 942 3899 verba
978 3840 1033 3899 sibi
1068 3841 1191 3898 vellent.
1253 3840 1338 3899 (lente
1374 3840 1452 3898 servi

415 4059 435 4128 ¹)
453 4059 515 4114 Hoe
531 4057 629 4112 falsum
646 4073 705 4113 osse
717 4056 900 4114 Wilamowitn
914 4061 989 4113 reete
1005 4056 1145 4126 cognovit,
1163 4055 1309 4110 verisimile
1325 4059 1367 4112 est
1381 4056 1453 4110 huno

330 4159 448 4199 errorem
470 4159 504 4199 eo
527 4149 637 4198 enatum
660 4159 720 4199 esse
741 4144 817 4212 quod
835 4143 933 4198 ueteris
950 4142 1019 4198 loeis
1036 4142 1121 4198 verba
1140 4135 1156 4196 ὃ
1174 4134 1300 4210 φάμενος
1317 4140 1452 4211 leguntur.

328 4229 511 4285 Wilamowitn
529 4223 581 4284 τάν
598 4223 653 4298 έφα
670 4229 754 4283 ineidi
772 4228 902 4283 debuisse
920 4228 1065 4283 arbitratus
1085 4231 1135 4296 est,
1154 4226 1230 4295 quod
1244 4227 1335 4282 littera
1349 4235 1374 4286 Τ
1390 4243 1453 4281 eon-

328 4314 427 4368 firmari
449 4315 564 4383 videtur,
587 4315 638 4370 sed
660 4313 778 4369 fortasse
803 4303 820 4368 ἃ
841 4307 896 4382 έφα
921 4312 1061 4368 emendari
1077 4315 1181 4382 petest,
1204 4312 1264 4366 oum
1282 4311 1378 4367 mulier
1395 4312 1454 4380 ipsa

330 4400 566 4455 manumissionem
584 4415 661 4455 suam
679 4399 802 4454 declaret
819 4404 881 4454 aute
900 4401 1081 4467 quaestorem.
