3376 5150
340 461 399 520 114

337 631 488 691 sollemnis
506 647 568 690 mos
587 629 694 706 passim
714 627 862 688 adhibitus
881 645 1023 703 nusquam
1040 628 1107 688 aliis
1123 627 1284 687 rationibus
1299 627 1460 702 attingitur.

337 735 440 808 Itaque
467 735 556 811 plane
584 733 672 791 aliam
698 731 968 808 interpretationem
995 733 1146 806 postulare
1171 731 1262 790 verba
1287 722 1372 791 κατὰ
1395 725 1463 790 δια-

339 829 456 918 νόησιν
482 838 612 912 apparet.
656 836 738 893 Haec
764 853 822 893 vox
848 832 975 893 difficilis
1000 834 1154 893 intellectu
1175 851 1295 909 perraro
1317 835 1348 891 in
1370 832 1463 892 titulis

340 939 473 998 occurrit.
524 939 681 997 Praeterea
710 938 751 996 ita
780 937 906 1010 affertur,
935 940 968 995 ut
994 935 1069 995 nihil
1096 937 1169 996 certi
1196 937 1334 1012 cognosci
1361 935 1462 1012 possit.

339 1041 397 1102 Sed
420 1043 556 1116 exempla
577 1041 642 1116 ipsa
664 1041 792 1114 afferam,
813 1040 917 1114 nequis
940 1039 1042 1099 credat
1063 1057 1109 1098 me
1132 1040 1276 1098 cavillari.
1320 1040 1354 1097 In
1375 1039 1463 1097 titulo

338 1145 462 1204 Halensi
476 1143 603 1218 Augusti
618 1147 714 1203 aetate
730 1147 850 1202 exarato
865 1141 922 1202 hoo
937 1144 1058 1203 verbum
1073 1146 1119 1201 ter
1133 1143 1241 1218 legitur
1256 1142 1296 1221 (n.
1306 1143 1365 1200 109
1374 1142 1401 1215 b,
1416 1143 1463 1200 19.

341 1249 389 1306 38.
412 1245 477 1324 44),
510 1250 542 1305 ut
573 1264 656 1321 cg:
690 1238 887 1318 Πυθόνικος
916 1239 1027 1326 'slogia
1058 1231 1350 1325 όπελεοθερωθεὶς
1378 1231 1463 1305 κατὰ

340 1343 511 1431 διανόησιν
540 1335 610 1410 aiud
637 1337 746 1429 Ἀοχέα
774 1348 837 1410 τοῦ
867 1344 1052 1429 Θεοκρίτου
1082 1339 1186 1408 ἔδακε
1216 1346 1272 1408 τᾶι
1297 1341 1396 1407 πόλει
1422 1341 1462 1408 τό

339 1445 376 1512 ἐκ
409 1450 472 1512 τοῦ
505 1445 613 1530 νόμον
647 1448 810 1532 στατῆρας
843 1441 891 1512 ιε’.
946 1448 1084 1508 Eiusdem
1117 1449 1233 1524 generis
1266 1451 1333 1508 sunt
1365 1452 1464 1508 cetera

339 1552 424 1612 huius
445 1554 522 1612 tituli
544 1555 689 1628 exempla,
711 1558 743 1612 ut
765 1553 862 1612 omnia
884 1554 987 1612 afferre
1009 1568 1258 1628 supervacaneum
1278 1551 1323 1610 sit.
1359 1551 1463 1625 Itaque

339 1659 428 1730 longe
450 1657 537 1715 aliam
559 1657 701 1716 rationem
723 1657 816 1716 secuti
835 1654 912 1732 apud
933 1657 1089 1732 scriptores
1108 1657 1159 1714 vel
1176 1655 1207 1713 in
1226 1653 1464 1730 inscriptionibus

340 1759 422 1818 verbi
455 1759 628 1818 sententiam
662 1759 778 1834 assequi
811 1776 958 1818 conamur.
1010 1760 1100 1817 Velut
1129 1759 1161 1816 in
1189 1757 1321 1816 Platonis
1350 1757 1464 1832 scriptis

338 1861 462 1937 legituq-
476 1861 527 1919 ubi
549 1866 578 1921 ct
600 1861 843 1921 deliberationem
866 1864 903 1935 et,
925 1860 1004 1936 quod
1019 1857 1065 1920 'ex
1086 1879 1122 1920 ea
1144 1859 1276 1934 efficitur,
1299 1860 1464 1936 opinionem

340 1962 523 2041 significata)
558 1965 619 2022 Iam
642 1963 840 2039 quaerendum
863 1967 915 2037 est,
937 1964 1002 2038 quis
1024 1962 1081 2023 hoo
1102 1965 1170 2022 loco
1191 1962 1342 2036 deliberet,
1364 1980 1464 2020 mann-

340 2067 443 2126 missor
462 2085 499 2125 an
519 2083 629 2125 servus.
666 2067 808 2126 Nimirum
828 2067 889 2140 ille,
908 2067 959 2140 qui
978 2083 1076 2125 seeum
1096 2068 1220 2142 reputat,
1238 2068 1334 2124 utrum
1350 2082 1465 2124 servum

339 2168 476 2227 libertate
499 2167 588 2227 donet
608 2186 710 2227 neone.
751 2167 809 2229 Sed
829 2170 954 2226 alterum
973 2169 1089 2227 titulum
1108 2168 1305 2244 inspiciamus,
1329 2168 1378 2242 qui
1397 2165 1464 2225 hnic

342 2270 505 2345 quaestioni
535 2271 674 2328 auxilium
704 2269 780 2328 ferre
807 2273 916 2345 potest,
946 2273 1033 2344 atque
1060 2270 1199 2328 memoria
1224 2272 1373 2328 teneamus
1401 2287 1465 2327 enm

342 2390 469 2446 servum,
506 2373 557 2448 qui
588 2364 674 2434 κατὰ
708 2364 880 2454 διανόησιν
912 2373 1137 2446 manumittatur,
1175 2371 1332 2431 secundum
1366 2389 1465 2430 manu-

341 2476 469 2535 missoris
502 2473 743 2534 deliberationem
775 2474 832 2534 hoc
865 2474 942 2534 dono
976 2473 1062 2533 affici.
1120 2474 1208 2534 Alter
1240 2474 1332 2534 Azoni
1363 2475 1466 2532 titulus

341 2577 491 2637 u.1301b
518 2577 574 2638 hoc
601 2578 687 2638 modo
714 2581 793 2638 recte
820 2579 972 2653 suppletus
1000 2581 1056 2636 est:
1083 2573 1208 2650 Πίστος
1236 2570 1254 2638 ό
1282 2574 1465 2638 ἀπελευθε-

343 2675 493 2759 [pounb
515 2671 603 2741 κατὰ
624 2672 819 2763 δι[α]θήκην
840 2672 909 2741 ὑπὸ
933 2675 1130 2758 Φιλοξένου,
1156 2671 1256 2755 [κατὰ
1278 2671 1465 2760 διανό]ησιν

341 2777 390 2859 δ[ὲ
421 2767 504 2858 διεδ]
537 2781 776 2862 Φιλου[μεν]οῦ
806 2781 867 2843 τοῦ
899 2771 1120 2864 Εό[δο]κίμοο
1152 2775 1256 2843 ἔδακε
1285 2779 1325 2862 τή
1355 2775 1465 2858 [πόλει

341 2877 519 2967 δ]η(νάρια)
552 2877 655 2962 κβ<’.
711 2884 774 2955 Quo
807 2887 873 2944 loco
903 2884 980 2943 idem
1010 2902 1111 2944 servus
1140 2903 1158 2943 a
1186 2883 1351 2944 Philoxeno
1381 2873 1466 2944 κατὰ

342 2980 517 3068 διαθήκην,
540 3006 557 3045 a
576 2986 749 3046 Philumeno
768 2987 922 3046 Eudocimi
942 2986 1004 3046 filio
1027 2982 1112 3049 κατὰ
1136 2979 1308 3069 διανόησιν
1329 2987 1465 3046 libertate

341 3089 474 3148 afficitur.
528 3090 686 3150 Praeterea
718 3091 943 3149 manumissione
976 3082 1062 3150 κατὰ
1095 3083 1262 3173 διαθήκην
1295 3089 1354 3147 iam
1387 3087 1466 3148 facta

341 3192 425 3250 illam
447 3193 570 3251 alteram
594 3193 676 3267 sequi
698 3194 804 3251 elucet.

427 3312 472 3370 De
509 3311 735 3369 manumissione
772 3312 946 3368 testamento
983 3307 1062 3367 facta
1098 3308 1205 3367 adsunt
1237 3327 1289 3368 sex
1321 3311 1466 3385 exempla,

343 3430 465 3488 quorum
486 3413 542 3471 tria
565 3412 601 3472 ab
625 3411 784 3471 editoribus
806 3413 943 3485 neglecta
965 3412 1043 3482 sunt;
1072 3408 1123 3468 sed
1146 3411 1263 3484 singula
1285 3410 1465 3468 examinabo.

342 3516 377 3572 In
402 3514 489 3573 titulo
515 3532 544 3571 n.
560 3515 630 3587 221,
658 3513 694 3572 de
721 3531 779 3587 quo
806 3514 862 3571 iam
888 3514 920 3571 in
946 3513 1044 3588 priore
1072 3512 1167 3587 eapite
1193 3513 1233 3587 (p.
1248 3512 1319 3587 109)
1347 3512 1465 3586 egimus,

343 3617 503 3676 obveniunt
543 3617 634 3675 verba
674 3609 760 3696 πρὸς
800 3613 865 3677 τοῦ
906 3611 1143 3696 γεγραμμένου.
1207 3615 1307 3674 Simile
1348 3612 1466 3673 dicendi

343 3735 434 3794 genus
467 3720 555 3778 etiam
588 3719 619 3776 in
648 3719 882 3778 manumissionis
910 3719 1102 3777 instrumento
1132 3715 1320 3777 Chaeroneae
1349 3719 1466 3792 reperto

343 3821 404 3895 (IG.
417 3821 472 3879 VH
488 3821 582 3896 3405)
615 3821 770 3896 invenitur,
803 3821 853 3879 ubi
885 3822 977 3880 verba
1010 3811 1095 3881 κατὰ
1127 3813 1170 3879 τὰ
1200 3814 1408 3900 γεγραμμένα
1435 3817 1466 3874 in

343 3923 429 3983 titulo
451 3922 541 3982 valde
563 3923 665 3982 mutilo
687 3924 833 3998 leguntur.
876 3924 981 3997 Neque
1003 3926 1101 3981 tamen
1123 3920 1250 3980 dubitari
1268 3923 1373 3996 potest,
1396 3920 1467 3995 qnin

343 4024 417 4084 haee
449 4025 541 4084 verba
572 4024 610 4084 ad
642 4027 846 4084 testamentum
879 4027 1019 4101 spectent.
1076 4023 1179 4097 Itaque
1212 4024 1242 4081 in
1274 4022 1357 4082 illius
1390 4021 1467 4081 tituli

430 4257 452 4326 ¹)
474 4257 514 4313 Of.
532 4257 586 4327 leg.
605 4263 690 4314 8880:
713 4257 849 4325 μείναντα
874 4253 905 4311 ἐν
929 4252 1014 4326 ταύτῃ
1038 4263 1071 4326 τῇ
1095 4248 1239 4324 διανοήσει
1263 4259 1290 4310 et
1313 4255 1381 4308 Tim.
1395 4254 1466 4322 ood3

326 4343 430 4398 -multo
449 4342 571 4398 erebrius
588 4343 657 4398 aliae
674 4359 758 4399 voces
777 4343 901 4398 eiusdem
919 4341 1037 4397 notionis
1055 4335 1197 4410 διανόημα
1215 4344 1244 4396 et
1262 4333 1375 4394 διάνοια
1393 4337 1467 4409 apud

344 4427 487 4483 Platonem
504 4427 685 4499 inveniuntur,
705 4427 739 4483 cf.
755 4423 827 4484 Astii
844 4426 896 4482 lex.
912 4426 980 4482 Plat.
996 4441 1018 4482 s.
1028 4443 1054 4483 v.
