3376 5150
332 399 372 458 86

332 567 460 627 eiusdem
487 568 557 626 anni
583 565 866 649 (στρατηγοῦντος
893 559 1082 650 Εἰσαγόρου
1110 559 1149 628 τὸ
1175 557 1222 646 β’)
1248 569 1340 644 plane
1365 569 1454 628 inter-

331 672 435 747 ruptae
456 671 520 729 sint
558 669 661 729 Scriba
681 671 757 729 enim
777 670 857 728 illius
874 670 1060 744 magistratus
1075 669 1316 730 animadvertisse
1331 670 1454 745 videtur,

332 771 536 831 Alexandrum
558 771 694 832 libertum
718 791 735 830 a
755 771 885 847 lapicida
904 789 957 848 per
977 789 1104 832 errorem
1124 775 1359 848 praetermissum
1379 789 1454 846 esse3

332 877 419 949 atque
451 875 522 933 satis
556 891 650 950 aequo
683 875 751 933 loco
783 875 885 932 titulus
915 876 955 932 22
987 876 1140 951 suppletus
1170 880 1226 948 est,
1259 875 1337 934 unde
1367 876 1455 934 etiam

331 979 453 1052 apparet
481 976 512 1035 in
540 975 597 1035 hoe
625 977 713 1036 titulo
743 980 906 1052 praetorem
937 976 1050 1049 deesse,
1084 977 1221 1051 quoniam
1250 976 1324 1036 haec
1353 996 1454 1036 manu-

331 1079 428 1138 missio
461 1079 492 1136 in
524 1079 663 1154 Isagorae
695 1097 802 1137 annum
836 1077 915 1138 cadit
948 1095 1040 1154 aeque
1074 1081 1162 1154 atque
1194 1079 1253 1152 illi,
1290 1080 1340 1154 qui
1371 1080 1454 1139 initio

330 1181 408 1240 tituli
433 1182 469 1238 16
499 1182 643 1256 leguntur.
695 1181 776 1240 Idem
807 1185 1007 1256 argumentum
1035 1198 1050 1240 e
1077 1181 1172 1240 titulis
1197 1182 1235 1239 19
1264 1184 1293 1240 et
1320 1181 1359 1239 23
1388 1181 1454 1260 (24)

332 1283 519 1357 assequimur,
560 1300 624 1341 cum
665 1284 706 1343 ibi
748 1282 804 1342 duo
845 1287 995 1358 praetores
1037 1282 1177 1358 deinceps
1218 1283 1383 1356 afferantur,
1423 1285 1455 1342 in

331 1384 422 1443 titulis
456 1386 495 1442 23
530 1389 559 1445 et
593 1385 633 1443 24
665 1385 697 1443 in
728 1385 829 1444 eodem
859 1385 958 1460 lapide
988 1385 1128 1458 exaratis,
1162 1401 1337 1460 quamquam
1366 1385 1454 1444 valde

332 1487 426 1544 mutili
458 1491 537 1560 sunt,
570 1490 669 1545 tamen
702 1485 758 1545 duo
792 1491 942 1562 praetores
975 1491 1197 1562 cognoscantur.
1249 1488 1288 1547 Ut
1317 1487 1454 1564 Hypatae

332 1588 420 1646 etiam
446 1588 557 1647 Atrace
586 1589 772 1664 magistratus
800 1588 918 1663 quidam
945 1587 1034 1647 fuisse
1059 1588 1182 1662 videtur,
1212 1590 1262 1663 qui
1289 1591 1455 1665 complures

332 1707 425 1748 annos
457 1688 514 1748 hoe
548 1708 667 1750 munere
699 1689 816 1750 functus
849 1694 900 1749 est.
955 1689 1037 1762 Quae
1068 1708 1115 1750 res
1145 1708 1179 1750 eo
1210 1694 1343 1767 apparet,
1377 1692 1455 1766 quod

331 1792 361 1849 in
394 1791 566 1851 libertorum
598 1793 734 1869 catalogo
768 1811 796 1851 n.
816 1793 879 1850 474
912 1792 969 1851 dno
1002 1797 1151 1868 praetores
1179 1792 1393 1852 Mnesimachus
1426 1798 1455 1854 et

331 1893 543 1953 Philoxenides
565 1895 711 1969 leguntur.
750 1895 808 1953 Sed
830 1894 926 1969 qualis
948 1893 1036 1954 fuerit
1057 1895 1251 1970 magistratus,
1273 1895 1454 1955 intenebris

331 1995 420 2068 iacet,
447 2012 512 2054 uum
538 1995 586 2055 hic
613 1997 714 2055 titulus
740 1996 821 2054 initio
848 1996 968 2055 mutilus
995 1997 1031 2056 sit
1057 2000 1144 2072 atque
1169 1998 1332 2056 laterculus
1355 2015 1454 2056 manu-

332 2097 500 2156 missionum
525 2098 556 2155 in
582 2097 678 2157 fronte
704 2097 789 2157 huius
815 2098 925 2175 lapidis
948 2101 1084 2158 exaratus
1106 2098 1181 2158 adeo
1204 2097 1325 2158 detritus
1348 2100 1397 2173 sit,
1423 2103 1455 2159 ut

332 2197 419 2258 hodie
441 2200 526 2258 nulla
547 2200 608 2274 legi
629 2200 749 2276 possint.

417 2300 506 2377 Apud
528 2303 681 2376 Magnetas
707 2304 774 2362 loco
800 2303 962 2377 quaestoris
985 2296 1003 2364 ὁ
1026 2296 1218 2384 προστάτης
1241 2304 1379 2378 occurrit,
1406 2304 1456 2380 qui

332 2406 361 2463 et
394 2405 472 2462 solus
505 2407 535 2462 et
567 2404 649 2462 iuxta
680 2408 845 2480 praetorem
879 2408 1009 2481 apparet.
1060 2406 1150 2464 Velut
1178 2405 1209 2463 in
1239 2424 1267 2463 n.
1285 2406 1365 2463 1119
1394 2409 1455 2466 tres

331 2507 401 2564 anni
429 2508 523 2565 solnm
552 2524 606 2582 per
634 2510 800 2584 praetorem
827 2506 1034 2582 significantur,
1064 2524 1129 2566 cum
1155 2508 1242 2566 etiam
1268 2509 1299 2565 in
1324 2511 1453 2568 versus

331 2608 624 2690 στρ(ατηγοῦντος)
656 2610 819 2687 legerim1)
874 2609 931 2668 Sed
963 2613 1079 2686 praeter
1111 2613 1276 2686 praetorem
1309 2615 1338 2669 et
1369 2629 1454 2686 prae-

331 2709 438 2770 fectum
464 2710 544 2770 urbis
569 2713 684 2770 tertium
711 2713 910 2787 magistratum
936 2714 967 2770 in
987 2713 1139 2786 Magnesia
1160 2711 1248 2772 fuisse
1270 2714 1348 2772 tituli
1374 2714 1453 2773 1115

331 2818 361 2874 et
392 2815 531 2872 1117111
565 2813 678 2874 docent.
733 2816 768 2873 ln
801 2815 857 2874 hoc
891 2817 976 2873 titulo
1008 2816 1066 2873 iam
1095 2816 1193 2874 Hiller
1221 2818 1454 2892 supplementum

332 2909 657 2999 ἐπιμεληῂεύοντος]
691 2920 855 2995 proposuit,
888 2917 968 2993 quod
999 2919 1030 2976 in
1062 2936 1165 2978 verum
1197 2919 1302 2979 eadere
1332 2919 1454 2979 videtur.

331 3020 403 3080 Oum
429 3021 460 3078 in
487 3018 591 3080 ceteris
614 3020 699 3080 huius
721 3022 849 3097 regionis
871 3021 963 3080 titulis
985 3021 1110 3095 pretinm
1132 3021 1364 3081 manumissionis
1386 3022 1455 3081 addi

331 3125 426 3182 soleat
448 3127 535 3200 atque
557 3125 587 3182 in
607 3141 694 3184 versu
712 3126 749 3182 11
770 3130 849 3184 certe
869 3126 986 3183 nomina
1005 3124 1164 3183 liberorum
1184 3125 1314 3184 Marciae
1333 3143 1453 3201 exspec-

330 3229 436 3299 tentur,
460 3225 586 3286 dubitari
608 3245 667 3286 non
688 3230 793 3303 potest,
816 3229 885 3302 quin
907 3228 1009 3286 titulus
1032 3226 1202 3287 emendetur
1223 3229 1276 3287 ita:

331 3377 636 3460 Στρ(ατηγοῦντος)
659 3375 826 3460 Καίσαρος
849 3373 1161 3461 §repetundum
1184 3425 1439 3440 ............
1441 3381 1452 3457 ]

331 3477 410 3563 μηνὶ
428 3470 543 3564 Ἑστίηο
566 3475 598 3541 οἱ
620 3478 775 3562 Μαρκίας
797 3477 926 3558 [παῖδες
947 3482 1065 3540 nomina
1087 3469 1193 3565 ἧλον]

331 3578 488 3665 asponae
507 3574 637 3663 Ἔρωτα
660 3578 723 3646 τὸν
746 3579 895 3665 [οἰκέτην
919 3577 1044 3665 λύτρον
1068 3577 1229 3660 λαβόντες
1250 3575 1330 3667 παρ’
1346 3573 1454 3647 αὐτοῦ

1203 3683 1389 3770 (δηνάρια).]

417 3839 481 3911 Qua
500 3840 613 3900 ratione
632 3841 758 3918 probata
776 3842 807 3900 in
826 3859 912 3901 versu
933 3840 1044 3901 decimo
1061 3841 1101 3900 30
1116 3841 1178 3902 fere
1192 3843 1309 3901 litterae
1324 3843 1455 3938 suppleri

330 3946 465 4018 possunt3
490 3943 589 4018 itaque
615 3944 646 4001 iu
667 3943 724 4003 hac
745 3944 817 4003 urbe
840 3945 963 4003 similem
985 3945 1183 4019 magistratum
1205 3945 1366 4004 institutum
1391 3961 1455 4004 esse

417 4193 438 4262 ¹)
456 4193 563 4249 Versus
581 4193 703 4248 decimus
720 4193 838 4248 fortasse
856 4193 909 4248 hoc
926 4192 1009 4248 modo
1028 4193 1191 4262 explicatur:
1211 4194 1342 4266 Πελωρία
1361 4189 1453 4265 [γονὴ]

330 4271 482 4348 Ἀ[α]α1ου;
515 4278 569 4333 hoc
599 4283 641 4333 est
669 4295 769 4333 nomen
797 4279 922 4335 iocosum
951 4277 986 4332 cf.
1013 4277 1044 4333 F.
1062 4279 1189 4349 Bechtel‚
1218 4279 1294 4335 Gdtt.
1317 4279 1453 4336 Abhandl.

333 4362 626 4434 NF.115,p.scum
643 4367 708 4420 nota
721 4368 743 4419 1.
