3376 5150
276 1240 350 1301 Cum
378 1238 416 1298 de
444 1239 677 1298 manumissionis
704 1239 844 1298 institutis
871 1239 951 1316 apud
972 1239 1133 1300 Theaealos
1158 1241 1316 1317 scriptores

185 1341 298 1402 Graeci
325 1341 404 1400 nihil
431 1343 589 1400 memoriae
616 1341 806 1414 tradiderint,
833 1343 955 1418 longum
983 1346 1098 1419 tempus
1126 1341 1159 1401 hi
1185 1343 1259 1402 ritus
1284 1343 1317 1400 in

185 1445 320 1504 tenebris
345 1445 492 1503 iacebant
535 1445 617 1502 Haec
638 1445 738 1519 inopia
758 1447 820 1502 tum
843 1444 958 1504 demum
978 1447 1096 1520 repleta
1115 1449 1172 1520 cst,
1199 1461 1265 1504 cum
1285 1446 1318 1503 in

186 1546 349 1605 Thessalia
369 1547 448 1604 tituli
469 1545 508 1604 ad
529 1547 769 1605 manumioeiones
786 1547 969 1622 pertinentes
987 1548 1099 1606 inventi
1116 1551 1223 1606 essent
1257 1546 1317 1606 Seu

186 1649 285 1723 primo
320 1649 424 1708 luorum
460 1653 646 1722 argumenta·
668 1665 855 1722 nequaquam
891 1650 1011 1723 cognita
1042 1653 1118 1708 sunt
1174 1650 1318 1708 Ernestus

188 1750 341 1826 Curtius1)
373 1752 420 1808 vir
450 1751 624 1808 immortalis
655 1751 812 1808 memoriae
839 1751 951 1826 primus
979 1751 1012 1808 in
1041 1752 1135 1809 titulis
1162 1750 1318 1827 Delphicis

189 1852 315 1910 edendis
333 1853 492 1911 nonnullas
506 1852 715 1910 Thessalorum
734 1852 941 1927 inscriptiones
960 1854 1140 1928 explanavit
1171 1853 1319 1912 Paulatim

189 1972 330 2013 numerus
356 1954 460 2012 harum
486 1955 707 2029 inscriptionum
734 1958 821 2012 aucta
847 1958 902 2026 est3
932 1971 992 2028 qua
1017 1954 1055 2014 de
1079 1973 1113 2014 re
1138 1956 1318 2032 potissimum

190 2058 229 2114 II
250 2057 285 2116 (l.
303 2057 425 2132 Lolling
459 2057 535 2115 bene
568 2057 688 2114 meritus
720 2061 772 2115 ost
829 2058 987 2116 Praeterea
1018 2059 1157 2116 nonnulli
1189 2058 1317 2118 Franco·

190 2161 268 2234 galli
297 2161 399 2218 titulos
425 2158 592 2217 huiusmodi
620 2160 651 2216 in
678 2159 777 2217 lucem
806 2159 969 2218 ediderunt
1019 2161 1128 2219 'litulis
1155 2161 1198 2219 ita
1226 2162 1319 2221 auctis

192 2263 232 2322 A.
247 2264 280 2320 B.
296 2262 519 2336 Draehmann²)
540 2263 691 2320 Danorum
712 2263 759 2319 vir
780 2261 965 2321 doctissimus
985 2263 1227 2322 manumissiones
1248 2263 1319 2322 civi·

192 2367 285 2423 tatum
310 2382 482 2439 graecarum
504 2365 691 2440 Interpretari
712 2369 834 2423 conatus
856 2368 909 2423 cst
952 2366 1088 2439 Denique
1108 2369 1169 2425 tres
1190 2365 1319 2425 inance

192 2468 269 2542 galli
287 2466 343 2525 Th.
354 2467 495 2541 Rcinach,
514 2467 691 2540 RDareste
710 2467 744 2526 B.
754 2467 991 2542 Haussoullier³)
1009 2468 1112 2527 titulos
1130 2466 1319 2527 ThossaIIeos

194 2570 397 2628 memorabiles
415 2570 447 2626 in
464 2570 640 2628 collectione
659 2569 882 2644 inscriptionum
897 2569 934 2628 de
949 2569 1128 2629 Graecorum
1141 2588 1175 2629 re
1187 2569 1321 2629 iudiciali

195 2689 368 2747 componere
404 2672 590 2730 instituerunt
626 2675 714 2746 atque
745 2672 796 2731 hic
827 2672 892 2731 illie
923 2671 1124 2732 additamenta
1156 2673 1259 2732 orifioa
1290 2676 1321 2731 et

196 2775 346 2848 exegetica
368 2773 551 2833 addiderunt
594 2774 653 2833 Sed
675 2774 744 2832 dum
765 2775 844 2832 tituli
862 2773 1029 2833 Thessalici
1049 2775 1081 2832 in
1102 2792 1191 2833 unum
1213 2791 1320 2851 eorpus

195 2893 254 2932 non
283 2879 350 2934 sunt
379 2877 512 2948 collecti,
541 2875 604 2934 fieri
632 2893 693 2934 non
720 2877 828 2951 potuit,
857 2881 891 2935 ut
916 2894 1017 2935 eorum
1043 2882 1217 2952 argumenta
1241 2877 1319 2936 intus

197 2981 449 3052 cognoscerentur.

280 3079 366 3150 Quod
395 3079 599 3138 ‹litlieiIIImum
628 3081 777 3156 negotium
807 3079 842 3143 0.
862 3081 948 3140 Kern
975 3082 1105 3157 suscepit
1134 3086 1223 3158 atque
1250 3099 1320 3158 per-

197 3181 273 3240 fecit.
315 3181 343 3239 A
369 3199 426 3256 quo
453 3183 517 3240 viro
546 3182 713 3242 doctissimo
735 3187 927 3259 praeceptore
949 3201 1013 3242 meo
1036 3189 1197 3244 commotus
1218 3185 1320 3244 titulos

197 3285 453 3343 manumissionum
474 3285 650 3360 intellegere
672 3285 899 3362 studuipassim
921 3287 1035 3362 ectypis
1056 3304 1134 3346 usus

282 3502 304 3568 ¹)
322 3499 470 3556 Anecdots
486 3500 627 3570 Delphica,
645 3501 766 3556 Berolini
785 3507 859 3557 1843.

281 3586 304 3654 ²)
321 3585 443 3640 Nordisk
460 3585 600 3640 Tidskrift
615 3585 659 3640 for
675 3586 796 3656 lilologi
813 3586 883 3642 VIII
899 3587 999 3655 (1887).

281 3673 303 3739 ⁸)
320 3671 389 3726 Rec.
407 3671 459 3726 des
475 3671 555 3726 inser.
569 3672 623 3742 jur.
641 3687 682 3741 gr.
700 3671 765 3742 11³,
781 3672 858 3727 Paris
876 3676 950 3727 1904.
