3376 5150
332 430 372 488 90

331 595 392 678 τῆς
413 591 546 672 πόλεως
568 589 653 662 κατὰ
675 593 831 681 ψήφισμα
855 603 936 679 342).
976 601 1076 679 Atque
1098 603 1176 664 idem
1198 604 1312 664 initium
1333 605 1455 681 praebet

331 699 456 760 fortasse
487 721 515 760 n.
535 702 609 761 341:
647 696 862 783 [ταγεύοντος
894 703 960 766 τοῦ
993 703 1101 779 δεῖνος
1132 703 1188 767 καὶ
1220 700 1453 787 ταμιεύοντος]

331 800 391 886 τῆς
412 797 595 880 π[ό](λεοος)
618 793 703 866 κατὰ
724 799 880 887 ψήφισμα
901 807 972 868 κτλ.
1010 808 1082 866 Item
1104 807 1168 866 lieri
1189 813 1286 884 potest
1308 813 1340 868 ut
1354 811 1454 870 titulus

333 905 421 964 340a
443 907 484 964 ita
506 910 636 967 sanetur:
659 902 864 988 ταγιύοντος
886 907 1043 971 Ποπλίου
1066 909 1142 986 [τοῦ
1162 899 1366 990 Εὐτρόπου],
1389 930 1453 971 oum

331 1008 362 1065 in
389 1025 475 1067 versu
498 1010 516 1065 7
540 1009 737 1071 emendemus:
768 1008 913 1091 Ποπλίῳ
935 1009 984 1092 τῷ
1005 1011 1123 1092 τ[αγῴ]
1147 1003 1344 1092 Bosporion,
1375 1015 1454 1089 quod

331 1128 383 1185 per
399 1128 526 1169 errorem
540 1112 687 1187 lapicidae
702 1131 756 1188 pro
772 1109 916 1194 Ποπλίῳ
932 1101 1115 1194 Εὔτρόπου
1135 1113 1183 1196 τῷ
1197 1115 1290 1196 ταγῷ
1305 1120 1454 1175 exaratum

333 1216 384 1272 ost.
392 1212 415 1289 1)
466 1214 570 1273 lietera
598 1216 689 1274 verba
705 1215 787 1290 „quid
817 1215 873 1277 sibi
901 1217 1005 1289 velint,
1035 1233 1131 1291 neque
1160 1235 1197 1276 ex
1224 1221 1331 1293 eotypo
1357 1236 1453 1295 neque

331 1314 532 1373 ratiocinando
555 1317 671 1390 assequi
693 1317 782 1391 potui.

417 1417 453 1474 In
471 1417 564 1477 titulis
579 1417 762 1491 Oyreliarum
783 1409 801 1478 ὁ
822 1413 986 1499 ἵππαρχος
1005 1419 1045 1496 (n.
1058 1420 1128 1478 339.
1144 1421 1215 1479 340.
1232 1421 1305 1496 344)
1319 1423 1453 1482 ooourrit.

332 1519 388 1578 Hio
428 1519 613 1594 magistratus
654 1539 773 1580 munere
813 1521 939 1596 quodam
980 1522 1060 1581 urbis
1100 1523 1131 1580 in
1171 1542 1280 1581 annum
1315 1523 1453 1599 fungitur,

331 1622 431 1697 itaque
453 1621 491 1680 ad
512 1626 628 1699 tempus
650 1622 845 1682 definiendum
868 1623 1023 1683 adhibetur
1045 1624 1147 1684 eodem
1170 1626 1256 1685 modo
1279 1643 1314 1684 ao
1336 1630 1454 1703 praetor

333 1727 470 1799 quaestor
492 1725 552 1784 alii.

619 2209 679 2276 De
704 2209 797 2278 loeo
823 2209 1173 2280 manumissionis.

419 2359 490 2419 Cum
527 2358 726 2434 antiquissima
762 2360 996 2420 manumissionis
1029 2359 1122 2421 forma
1155 2361 1196 2420 ita
1227 2361 1307 2421 faeta
1338 2363 1387 2436 sit,
1423 2366 1455 2421 ut

332 2478 433 2520 servus
471 2460 526 2520 deo
560 2461 673 2520 ouidam
708 2465 901 2535 consecretur,
938 2481 996 2538 qno
1029 2463 1106 2522 liber
1138 2461 1199 2537 fiat,
1237 2463 1363 2522 dubitari
1395 2483 1454 2523 non

331 2566 439 2638 polest,
466 2564 536 2638 quin
563 2580 645 2623 saoro
671 2564 739 2622 loeo
766 2566 816 2622 aut
842 2567 910 2623 ante
936 2583 1016 2623 aram
1043 2569 1093 2624 aut
1114 2566 1145 2623 in
1166 2567 1277 2641 templo
1299 2565 1384 2625 huius
1407 2565 1455 2625 dei

331 2664 496 2723 libertatem
519 2665 673 2739 acceperit.
713 2665 795 2723 Haeo
818 2659 977 2737 οίαοίθεσις
999 2667 1033 2724 in·
1051 2667 1202 2726 nonnullis
1224 2667 1315 2725 titulis
1325 2668 1349 2741 ²)
1368 2666 1453 2727 nobis

333 2768 458 2825 ooourrit
484 2767 566 2825 velut
591 2767 622 2823 in
648 2767 722 2839 illis,
750 2767 800 2842 qui
826 2768 856 2825 in
881 2769 1081 2843 promunturio
1104 2769 1239 2828 Taenaro
1265 2769 1375 2844 reperti
1397 2768 1454 2828 hoo

332 2869 418 2928 modo
448 2870 601 2945 compositi
629 2873 708 2928 sunt:
740 2856 885 2952 ἀνέθηκε
914 2868 977 2930 τῶι
1006 2867 1192 2932 Πολοιὸᾶνι
1222 2869 1239 2933 ὁ
1271 2868 1362 2932 δεῖνα
1392 2860 1454 2932 τὸν

332 2969 424 3032 δεῖνα
447 2971 550 3048 arta)
586 2973 667 3031 Haeo
689 2972 787 3048 opinio
811 2989 846 3030 eo
868 2972 1016 3048 probatur,
1039 2973 1118 3048 quod
1139 2972 1170 3031 hi
1189 2973 1306 3050 lapides
1325 2991 1341 3032 e
1360 2974 1454 3049 parie-

331 3074 399 3133 tinis
421 3076 524 3150 templi
545 3076 676 3150 Neptuni
697 3075 794 3134 effossi
816 3078 890 3134 sunt.

416 3177 522 3235 Altera
542 3178 640 3252 prisea
661 3177 893 3236 manumissionis
915 3177 1018 3250 forma,
1041 3195 1116 3252 quae
1139 3177 1176 3236 ab
1191 3179 1246 3236 illa
1260 3196 1318 3237 non
1333 3180 1454 3236 multum

332 3281 428 3337 aetate
449 3282 614 3354 superatur,
641 3282 685 3338 est
706 3275 726 3362 ἡ
749 3271 910 3351 οίπόδοοις
932 3296 1007 3354 quae
1030 3278 1143 3339 dicitnr.
1186 3280 1268 3339 Haeo
1290 3281 1332 3338 ita
1353 3279 1396 3352 fit,
1423 3284 1454 3339 nt

332 3398 432 3439 servus
459 3381 513 3440 deo
541 3379 656 3440 onidam
678 3381 856 3453 venditetur;
886 3384 974 3455 atque
996 3380 1175 3440 consuetudo
1199 3386 1242 3440 est
1263 3383 1455 3440 instrumenta

332 3483 563 3542 manumissionis
595 3483 626 3541 in
658 3485 767 3559 templo
801 3484 912 3542 servari
945 3479 978 3558 (οί
1010 3476 1081 3544 οίαὰ
1113 3478 1150 3544 ἐν
1181 3483 1244 3544 ταῖι
1277 3476 1369 3564 ίεροῖι
1398 3479 1454 3543 καὶ

332 3577 423 3665 παρὰ
443 3578 506 3646 τὸν
528 3579 697 3667 ναοκόρον
722 3586 816 3646 IGDI.
833 3587 922 3646 1912.
948 3589 1029 3646 1913
1052 3586 1128 3663 eto).
1171 3587 1265 3646 Multo
1291 3586 1454 3645 recentiore

332 3692 428 3748 aetate
458 3690 536 3748 servi
566 3684 603 3750 ἐν
631 3679 777 3770 ἐναόμωι
807 3685 976 3773 ἐκκλησίαι
1005 3691 1175 3750 libertatem
1205 3689 1393 3766 eooipinnt‚⁴)
1423 3692 1455 3748 ut

418 3892 440 3960 ¹)
463 3889 578 3960 Aliquid
607 3889 694 3945 simile
718 3890 803 3946 habet
828 3892 870 3945 tit.
889 3895 963 3960 1339,
992 3891 1040 3947 ubi
1066 3892 1135 3946 haee
1160 3890 1301 3960 leguntur:
1325 3883 1454 3960 Ῥηγίλλα

331 3974 437 4047 pompa
456 3969 690 4047 [adulatorem

418 4063 439 4132 2)
458 4061 498 4118 Of.
517 4061 631 4118 IG.VlI
650 4066 678 4117 et
695 4061 743 4117 IG.
761 4061 826 4117 IXl
846 4063 956 4131 passim.

418 4150 440 4218 ³)
458 4149 552 4205 SGDI.
571 4153 747 4204 loss—4592
767 4154 795 4204 et
813 4149 845 4204 A.
856 4149 998 4220 wilhelm,
1016 4149 1099 4204 Areh.
1112 4149 1196 4220 epigr.
1209 4149 1279 4204 Mitt.
1292 4165 1340 4205 aus
1353 4148 1454 4204 Osterr.

333 4238 365 4289 λθ
388 4235 490 4305 (1897),
518 4239 558 4290 96.
602 4235 654 4288 Hie
683 4234 752 4304 lapis
777 4235 844 4290 miro
872 4251 936 4290 oasu
962 4251 997 4290 ex
1023 4235 1076 4290 hoo
1102 4235 1290 4304 promunturio
1317 4234 1352 4290 ad
1379 4250 1454 4289 oram

332 4320 415 4376 Asiae
427 4319 540 4376 Minoris
558 4319 664 4375 ablatus
682 4325 732 4390 eat,
747 4320 821 4374 unde
838 4319 951 4375 fortuito
968 4320 1004 4374 ad
1019 4320 1134 4376 insulam
1147 4320 1247 4390 Symen
1262 4325 1389 4389 portatus
1403 4324 1454 4374 est.

419 4406 440 4478 ⁴)
459 4404 498 4461 Of.
519 4405 586 4460 Rae.
606 4404 656 4461 des
673 4405 753 4461 inser.
768 4405 823 4481 jur.
841 4421 881 4478 gr.
900 4404 955 4459 112
972 4421 1001 4477 p.
1010 4409 1069 4459 256.
