3376 5150
363 369 423 432 100

360 534 453 625 παρὰ
477 535 664 623 Είσιδοίρος
691 539 750 626 τῆς
776 538 950 621 φαμ[ίν]ης
978 525 1481 621 ἀι[η]1εο9ερῶοοαιπράσ[ει]

359 632 440 723 dudd
467 641 696 725 Φι]1ί[ρ]οοτος
721 641 783 705 τοῦ
806 641 1007 725 Δημητρίου.
1056 644 1138 702 Haeo
1164 642 1348 701 manumissio
1374 642 1416 700 ita
1441 639 1481 717 tit,

358 752 391 807 ut
417 747 551 806 dominus
575 748 701 824 peeunia
727 746 763 805 ab
787 748 882 806 altero
904 749 1025 822 aeeepta
1046 746 1183 804 libertum
1205 744 1326 817 vendat,
1354 745 1404 819 qui
1424 743 1481 803 huo

359 852 527 911 venditione
549 852 626 911 liber
647 850 686 909 fit.
729 850 785 911 Hie
808 867 870 909 moe
891 869 951 910 non
972 849 1130 909 abhorrere
1148 847 1263 907 videtur
1285 847 1322 906 ab
1345 848 1398 906 illo
1419 864 1480 920 usu,

359 972 444 1030 quem
481 971 569 1029 supra
606 953 735 1029 exposui.
793 953 927 1013 Ceterum
961 951 1036 1011 haee
1068 949 1188 1032 πρᾶσις
1220 939 1272 1010 ἐπ’
1305 944 1480 1031 ἐλευθερίᾳ

358 1057 445 1116 etiam
481 1055 559 1132 apud
594 1055 791 1115 Athenienses
827 1055 858 1112 in
893 1072 946 1114 usu
979 1053 1081 1131 erat1)
1139 1053 1170 1112 Si
1202 1051 1360 1110 Plutareho
1393 1050 1479 1109 tidem

357 1157 509 1234 habemus,
538 1159 589 1234 qui
617 1159 648 1216 in
677 1158 753 1217 libro
782 1153 859 1236 περὶ
889 1153 1146 1237 δεισιδαιμονίας
1173 1154 1216 1213 lV
1241 1174 1270 1231 p.
1287 1153 1376 1211 leod
1405 1152 1480 1211 haee

356 1262 452 1320 affert:
475 1255 544 1323 ἔστι
566 1258 622 1322 καὶ
645 1251 781 1333 δούλοις
803 1254 906 1338 νόμος
928 1253 1120 1338 ἐλευθερίας
1143 1254 1331 1337 ἀπογνοῦσι
1352 1254 1479 1337 πρᾶσιν

355 1358 536 1440 αἰτεῖσθαι,
564 1363 638 1422 haee
666 1361 798 1422 venditio
827 1362 944 1437 saepius
973 1379 1011 1420 ex
1039 1377 1189 1421 servorum
1218 1360 1337 1419 arbitrio
1363 1358 1479 1417 uidetur

356 1483 419 1526 esse
445 1465 532 1525 faeta.
576 1464 634 1525 Sed
659 1466 756 1542 priseo
782 1482 862 1525 more
886 1463 957 1524 deus
980 1464 1096 1541 qnidam
1119 1480 1233 1522 servum
1257 1462 1337 1535 emit,
1365 1461 1479 1521 etiamsi

354 1585 459 1646 reapse
488 1568 537 1627 hie
562 1569 626 1644 ipse
651 1569 806 1644 peenuiam
833 1567 896 1640 dat;
926 1585 1001 1643 quae
1027 1585 1112 1628 saera
1137 1564 1230 1626 forma
1256 1565 1375 1642 vigebat
1399 1563 1477 1639 apud

355 1671 489 1747 Delphos
511 1671 637 1730 Boeotos
659 1671 791 1746 aliasque
813 1672 953 1746 gentem)

438 1773 590 1833 Interdum
611 1773 726 1847 aeeidit‚
748 1777 780 1832 nt
801 1774 993 1832 manumissor
1010 1774 1117 1832 liberto
1135 1773 1210 1832 bene
1230 1772 1332 1830 merito
1351 1771 1477 1846 peeuuia

353 1877 585 1935 manumissionis
607 1875 766 1949 ooudouet,
788 1875 866 1951 quod
887 1876 919 1933 in
941 1877 1033 1934 titulis
1055 1875 1151 1934 verbis
1174 1866 1315 1954 δωρεάν,
1339 1871 1474 1954 δωρεᾶς,

352 1969 440 2037 κατὰ
472 1971 603 2057 δωρεάν
635 1980 684 2037 aut
717 1977 858 2036 similibus
890 1975 1077 2052 significatur.
1134 1977 1223 2034 Velut
1255 1975 1333 2034 huno
1366 1992 1474 2033 morem

351 2097 380 2137 n.
397 2079 478 2137 1117
512 2079 649 2155 praebet:
686 2068 986 2160 άπηλευ9ε[ροο’9η]
1024 2071 1176 2160 Τρύφειυ
1212 2065 1279 2139 ὑπὸ
1315 2072 1475 2158 Χάρι[τος

350 2177 422 2263 τῆς]
456 2169 628 2265 Ἀοικήτου
671 2178 863 2258 [oportue
926 2182 1082 2240 Praeterea
1121 2180 1170 2238 hio
1210 2197 1279 2239 usus
1319 2180 1351 2237 in
1387 2179 1474 2238 titulo

351 2283 575 2358 Metropolitauo
603 2284 641 2358 (n.
658 2284 732 2359 278)
762 2287 791 2342 et
815 2284 847 2341 in
873 2282 985 2343 dnobus
1009 2283 1100 2342 Azoni
1126 2285 1249 2359 repertis
1277 2283 1317 2359 (n.
1336 2282 1416 2340 1296
1444 2285 1473 2340 et

353 2386 446 2462 1299)
472 2387 605 2446 oeeurrit.
648 2387 684 2446 ln
707 2387 774 2446 aliis
797 2404 913 2462 quoque
935 2387 1102 2462 regionibus
1123 2387 1346 2446 manumissores
1368 2385 1472 2444 eadem

348 2488 527 2549 liberalitate
567 2506 635 2548 usos
672 2507 735 2549 esse
773 2507 809 2548 ex
846 2489 957 2548 duobus
994 2490 1085 2548 titulis
1122 2492 1252 2565 apparet.
1314 2489 1349 2548 In
1385 2489 1470 2546 titulo

348 2589 537 2650 Chaeroneae
570 2590 631 2668 (le.
647 2592 703 2650 VH
724 2591 820 2669 3332)
856 2608 957 2650 servus
989 2591 1108 2666 quidam
1140 2587 1195 2652 ἐπὶ
1229 2588 1339 2676 δωρεᾷ
1371 2609 1471 2649 mauu·

348 2693 478 2766 mittitur,
505 2697 593 2768 atque
618 2694 650 2752 in
674 2694 760 2752 titulo
781 2694 906 2768 Auapae
933 2694 1011 2752 uubis
1034 2694 1209 2754 Chersonesi
1230 2694 1375 2752 Taurieae
1396 2693 1471 2752 haee
1497 2741 1500 2749 .

346 2795 496 2870 leguntur:
524 2783 683 2876 ἄφείομειι
709 2788 771 2879 τὴν
797 2789 951 2878 θρεπτὴυ
974 2790 1104 2877 ὀοορειίν
1126 2796 1174 2870 (ef.
1194 2795 1295 2869 Grais,
1318 2796 1407 2854 lusor.
1427 2814 1470 2871 gr.

345 2898 376 2955 iu
402 2900 484 2956 mem.
510 2897 547 2956 de
571 2897 687 2958 l'Aead.
708 2899 776 2974 imp.
799 2898 851 2958 des
873 2899 1004 2958 seieuoes
1026 2898 1063 2958 de
1086 2900 1126 2959 st.
1142 2898 1326 2973 Petersburg‚
1353 2916 1407 2958 ser.
1418 2898 1469 2972 VI,

345 3003 414 3060 tom.
431 3003 449 3059 6
474 3000 590 3077 [1844],
611 3019 640 3077 p.
654 3002 692 3059 12
705 3001 767 3076 sq.).

430 3101 584 3178 Singulare
614 3103 727 3177 aliquid
753 3104 896 3179 praebent
922 3120 1021 3161 omues
1048 3102 1109 3162 fere
1135 3103 1213 3161 tituli
1238 3103 1269 3160 in
1295 3103 1469 3178 paeninsula

344 3205 495 3280 Magnesia
514 3205 631 3280 reperti.
666 3205 771 3279 Neque
787 3205 863 3264 euim
878 3222 1000 3279 nsquam
1015 3207 1145 3280 veotigal
1159 3205 1316 3281 publicum,
1336 3204 1388 3265 sed
1404 3207 1468 3264 sola

342 3307 470 3382 peouuia
485 3306 717 3365 manumissionis
733 3308 1008 3383 commemoratur.⁴)
1035 3308 1141 3368 Postea
1151 3311 1247 3366 aetate
1258 3309 1467 3384 imperatorum

429 3489 450 3557 ¹)
468 3489 510 3543 De
526 3488 577 3543 hae
592 3504 622 3543 re
640 3494 761 3545 oratores
773 3487 860 3544 Attici
872 3490 1044 3558 potissimum
1056 3490 1212 3561 Hyperides
1225 3495 1254 3545 et
1265 3490 1465 3545 Demosthenes

342 3573 470 3629 nonnulla
485 3575 608 3644 afferunt,
625 3574 660 3629 of.
673 3574 705 3631 G.
716 3576 841 3646 Poueart,
859 3577 902 3631 De
917 3576 1073 3632 libertorum
1087 3577 1248 3632 eondioioue
1263 3577 1337 3645 apud
1351 3575 1466 3630 Atheni·

342 3675 430 3726 enses,
449 3661 574 3715 Lutetiae
592 3661 756 3716 Parisiorum
777 3666 850 3731 1896,
868 3678 894 3730 p.
908 3667 987 3731 llsq.

426 3747 447 3815 ²)
470 3746 512 3800 De
535 3745 587 3800 huo
610 3762 639 3800 re
664 3747 722 3816 egit
742 3747 772 3801 P.
787 3748 906 3802 Foueart
926 3749 954 3802 in
977 3747 1106 3803 llbmoire
1128 3765 1175 3803 sur
1196 3747 1465 3802 l’affranohissemeut

341 3830 391 3885 des
409 3829 531 3885 esclaves
548 3846 598 3899 par
615 3830 701 3886 forme
719 3831 754 3886 de
772 3836 854 3887 vente
873 3833 889 3887 a
906 3849 960 3888 uus
978 3832 1092 3888 divinite
1109 3832 1216 3902 d’aprds
1231 3832 1273 3887 les
1288 3832 1463 3900 inscriptions

340 3913 375 3969 de
393 3915 523 3985 Delphos,
541 3916 667 3971 Lutetiae
681 3917 846 3972 Parisiorum
863 3924 941 3988 18673
960 3918 994 3973 ef.
1013 3919 1094 3974 etiam
1111 3921 1178 3973 Ree.
1198 3918 1248 3973 des
1265 3918 1344 3973 inser.
1355 3918 1409 3988 Jur.
1424 3931 1463 3986 gr.

339 3998 392 4053 112
409 4017 436 4069 p.
447 4005 494 4055 251
503 4017 564 4071 sqq.

424 4087 445 4156 ⁸)
464 4086 533 4150 Quia
548 4088 575 4140 in
591 4086 688 4142 launna
703 4103 752 4143 sex
768 4092 873 4143 tantum
890 4089 995 4144 litterae
1009 4089 1107 4145 deesse
1119 4089 1253 4158 videntur,
1270 4089 1339 4145 haee
1351 4088 1462 4158 supple-

338 4175 429 4226 menta
445 4173 583 4241 proposui.

422 4260 444 4326 4)
462 4258 578 4327 Propter
600 4259 669 4314 hane
690 4276 747 4316 rem
770 4265 853 4330 atque
874 4265 988 4331 propter
1009 4260 1141 4315 meusium
1161 4261 1271 4316 nomina
1291 4260 1372 4316 etiam
1389 4258 1461 4314 tituli

336 4342 501 4416 Pagasarum
520 4360 544 4398 n.
558 4344 633 4400 3591)
652 4349 680 4399 et
697 4361 713 4398 o
731 4346 766 4400 ad
783 4346 951 4416 Magnesiam
968 4347 1113 4417 pertinent
