3376 5150
1307 415 1347 474 95

226 584 362 643 iubentur
389 584 487 644 statim
513 582 735 668 (παραχρῆμα)
743 585 765 659 ¹)
791 582 869 642 hauc
895 583 1050 660 pecuniam
1076 584 1141 643 urbi
1166 584 1237 644 dare
1265 589 1351 660 atque

229 689 352 762 apparet
378 684 434 746 hoe
460 686 581 745 verbum
608 687 639 744 in
665 686 797 746 omnibus
823 686 869 746 his
896 685 1027 746 formulis
1054 705 1113 746 non
1140 688 1232 747 omitti
1256 705 1352 764 posse.

228 787 286 847 Sed
309 807 373 848 cum
396 789 427 846 in
449 791 543 848 altero
565 790 651 848 titulo
674 789 777 864 viginti
800 788 956 848 drachmae
979 789 1178 862 absolvantur,
1204 790 1255 865 qui
1275 789 1353 849 idem

228 893 331 950 valent
366 909 402 950 ac
439 891 541 950 decem
578 894 715 964 stateres,
751 892 782 949 in
819 893 914 951 altero
951 896 1053 950 contra'
1086 892 1190 966 viginti
1222 881 1352 968 quinque

229 998 364 1069 stateres,
398 1011 463 1053 cum
495 997 618 1069 utraque
650 995 680 1052 in
712 993 789 1053 idem
822 993 884 1053 iere
917 997 1031 1070 tempus
1061 998 1187 1070 spectet,
1219 1012 1253 1055 eo
1283 1013 1351 1054 con-

229 1095 374 1156 cludimus
395 1100 507 1155 tantum
529 1097 659 1171 vectigal
681 1096 779 1155 datum
802 1113 874 1169 csse,
897 1097 998 1171 quanti
1020 1113 1121 1156 servus
1144 1098 1352 1158 aestimaretur.

229 1200 290 1257 Iam
316 1198 504 1259 recordamur
529 1200 685 1257 vicesimae
712 1199 981 1273 manumissionum,
1009 1217 1084 1274 quae
1106 1199 1184 1275 apud
1206 1201 1353 1261 Romanos

229 1301 359 1376 vigebat,
389 1306 476 1377 atque
503 1303 650 1360 Romanos
679 1300 757 1361 hunc
783 1319 866 1360 usum
893 1321 911 1360 a
938 1301 1058 1362 Graecis
1085 1303 1233 1378 accepisse
1260 1303 1351 1378 suspi-

230 1422 337 1463 camur.

314 1507 409 1566 Urbes
421 1505 594 1565 Thessaliae
610 1524 647 1565 ex
661 1505 717 1566 hoc
728 1507 869 1582 vectigali
884 1506 962 1565 haud
979 1507 1065 1566 dubie
1081 1525 1201 1582 magnas
1213 1508 1353 1583 pecunias
1430 1523 1438 1537 ·

230 1612 415 1684 acceperunt.
459 1610 559 1684 Atque
586 1609 724 1668 nonnulli
751 1610 829 1668 tituli
851 1609 1022 1669 facultatem
1046 1609 1117 1668 dant
1138 1609 1192 1668 has
1214 1611 1353 1685 pecunias

230 1711 261 1769 in
280 1729 387 1770 annum
406 1709 495 1770 facile
515 1710 675 1784 efficiendi3
694 1713 776 1771 velut
793 1712 865 1770 Hali
884 1712 915 1771 in
934 1712 1006 1770 urbe
1026 1711 1159 1771 Achaiae
1177 1711 1352 1771 Phthiotidis

229 1815 335 1890 plenus
356 1815 457 1874 titulus
477 1814 568 1890 (109)
590 1816 678 1887 extat,
701 1831 758 1889 quo
781 1818 905 1889 apparet
922 1814 1019 1890 priore
1038 1819 1175 1874 semestre
1196 1816 1258 1874 eius
1276 1815 1353 1890 anni,

231 1933 296 1976 cum
318 1917 504 1976 Ptolemaeus
530 1921 649 1993 praetor
674 1916 740 1990 fuit,
770 1920 953 1991 quaestorem
980 1917 1060 1975 urbis
1086 1917 1144 1974 150
1172 1920 1294 1976 stateres
1316 1935 1353 1976 ex

230 2019 502 2078 manumissionibus
520 2021 641 2095 cepisse,
663 1999 824 2095 posteriore
843 2022 982 2079 semestre
1002 2020 1042 2077 90
1061 2023 1195 2092 stateres3
1218 2018 1353 2094 sequenti

230 2124 327 2181 autem
349 2141 426 2182 anno
449 2123 510 2181 390
533 2125 655 2182 stateres
678 2123 774 2182 exacti
796 2125 870 2182 suut.

691 2397 894 2405 ——--·-—-

709 2633 820 2711 Oaput
841 2634 876 2693 V.

495 2794 555 2862 De
580 2791 715 2873 pretio
741 2791 1091 2862 manumissionis.

316 2947 356 3005 Ut
384 2945 415 3003 in
444 2944 548 3003 ceteris
575 2943 716 3004 Graeciae
745 2943 911 3003 civitatibus
940 2944 981 3002 ita
1011 2944 1041 3001 in
1067 2942 1225 3002 Thessalia
1254 2961 1352 3002 manu-

232 3049 348 3107 missum
381 3046 583 3105 manumissori
615 3045 771 3121 pecuniam
800 3044 947 3120 quandam
977 3044 1047 3104 dare
1077 3063 1138 3104 mos
1168 3049 1239 3104 crat.
1288 3047 1354 3106 Hoc

231 3149 358 3226 pretium
380 3147 458 3224 apud
476 3147 636 3207 Thessalos
660 3139 784 3228 λύτρον
806 3147 868 3205 sive
893 3139 999 3227 λύτρα
1020 3146 1194 3205 nominatur.
1232 3147 1354 3206 Etiamsi

231 3253 262 3310 in
294 3251 387 3310 titulis
419 3250 475 3310 hoc
510 3241 636 3331 λύτρον
666 3268 732 3309 raro
763 3250 983 3309 commemorari
1011 3252 1137 3324 constat,
1170 3253 1266 3308 tamen
1295 3268 1354 3309 non

232 3354 395 3429 ambigitur,
415 3354 485 3428 quin
504 3354 695 3412 manumissor
714 3353 938 3412 manumissione
957 3351 1036 3411 facta
1054 3353 1209 3428 pecuniam
1228 3353 1355 3428 accipiat

231 3456 337 3514 usitato
367 3472 456 3514 more.
508 3454 592 3526 Quod
622 3472 658 3513 eo
687 3457 821 3530 apparet,
856 3453 948 3530 quod,
980 3471 1045 3512 cum
1074 3452 1196 3512 libertus
1226 3454 1352 3528 gratuito

230 3547 387 3640 (impactu)
409 3557 628 3630 manumittitur,
654 3555 711 3615 hoc
732 3556 825 3615 titulis
847 3556 972 3615 additur.
1016 3556 1137 3615 Servum
1160 3558 1256 3614 autem
1276 3554 1353 3615 hauc

230 3661 384 3735 pecuniam
413 3660 588 3736 plerumque
616 3657 705 3718 facile
734 3659 885 3733 acquirere
915 3674 1002 3734 posse
1033 3675 1070 3716 ex
1099 3675 1134 3716 eo
1162 3657 1353 3733 intellegitur,

231 3761 310 3838 quod
337 3763 364 3822 ei
389 3762 498 3821 licebat
523 3778 570 3819 res
597 3760 653 3820 sibi
678 3778 859 3836 comparare,
886 3761 947 3820 sive
974 3761 1005 3818 in
1027 3759 1146 3820 sordida
1168 3763 1230 3818 arte
1253 3778 1353 3820 versa·

231 3865 316 3924 batur
338 3865 399 3924 sive
422 3863 503 3922 aliud
521 3862 560 3922 ad
580 3866 730 3939 quaestum
751 3862 928 3922 conferebat.
964 3865 1066 3938 Itaque
1085 3863 1179 3921 titulis
1198 3863 1353 3938 Delphicis

231 3965 382 4026 artificium
408 3967 485 4026 servi
511 3966 627 4041 saepius
649 3969 897 4038 commemoratur,
923 3966 955 4023 in
976 3964 1155 4024 Thessalicis
1178 3969 1275 4024 autem
1297 3965 1353 4025 hoc

230 4086 298 4128 raro
316 4067 355 4126 fit.
391 4069 457 4127 Duo
477 4070 613 4145 exempla
631 4067 716 4127 nobis
736 4070 893 4127 occurrunt
911 4068 1047 4143 Hypatae
1066 4068 1179 4141 16,16:
1201 4062 1353 4149 Ζώσιμος

317 4303 338 4372 ¹)
364 4302 442 4358 Idem
468 4302 582 4358 verbum
607 4303 635 4356 iu
661 4301 771 4358 dnobus
797 4302 885 4356 titulis
911 4301 1027 4372 Amorgi
1052 4301 1155 4358 msulae
1181 4301 1241 4372 (le.
1258 4300 1314 4356 XII
1330 4306 1353 4372 7,

231 4392 439 4457 n.237,1l.19;
458 4393 507 4443 515
525 4387 639 4457 passim)
657 4387 780 4444 similiter
796 4386 920 4442 additum
938 4391 987 4442 est.
