3376 5150
1313 413 1352 495 ti

317 604 382 682 Qua
403 605 498 670 iorma
520 607 624 671 Boeoti
645 609 734 670 Locri
754 608 858 670 Phocii
879 608 922 670 uti
944 599 1118 682 solebant.¹)

316 715 474 775 Praeterea
498 715 576 774 tituli
602 715 644 773 ita
667 714 781 774 exarati
802 717 880 788 sunt,
906 717 939 772 nt
960 714 1094 788 singulae
1115 710 1356 772 manumissiones

233 818 374 893 quinque,
403 818 505 878 decem
534 821 585 877 aut
613 819 681 893 plus
711 834 852 877 annorum
881 817 1068 892 colligantur.
1115 815 1198 888 Quae
1224 833 1290 876 cum
1315 815 1357 873 ita

233 921 304 994 sint,
339 920 462 981 libertos
498 921 578 996 ipsos
614 919 667 978 hae
700 919 937 979 manumissiones
969 918 1177 995 insculpendas
1209 918 1357 977 curavisse

233 1023 402 1098 negandum
434 1025 486 1083 est.
540 1023 626 1083 Ultro
658 1023 787 1098 vectigal
816 1022 967 1097 publicum
997 1023 1245 1095 commemoratur,
1278 1018 1358 1095 quod

233 1122 480 1206 στηλογραφιάς
509 1141 599 1184 causa
627 1125 760 1183 omnibus
786 1125 899 1184 libertis
924 1125 1007 1184 nullo
1034 1127 1157 1199 excepto
1184 1120 1358 1183 solvendum

234 1231 278 1286 est
300 1229 388 1302 atque
409 1227 475 1286 urbi
497 1228 554 1286 soli
576 1226 727 1286 commodo
749 1230 802 1286 est.

318 1331 435 1389 Novum
458 1331 615 1390 discrimen
637 1329 764 1390 accedit:
786 1329 876 1390 index
897 1346 997 1389 omnes
1016 1329 1256 1389 manumissiones
1274 1327 1359 1390 unius

234 1433 304 1491 anni
330 1435 461 1492 continet
487 1434 528 1492 ita
553 1436 586 1491 ut
611 1435 697 1491 nulla
721 1450 775 1508 per
801 1450 832 1492 se
860 1433 972 1492 edatur.
1015 1433 1122 1492 Altera
1148 1436 1244 1492 autem
1265 1431 1361 1490 forma

234 1537 321 1594 aliter
348 1553 379 1595 se
406 1535 507 1596 habet:
534 1553 634 1595 omues
659 1535 899 1594 manumissiones
925 1535 1056 1595 eiusdem
1082 1535 1153 1594 anni
1178 1536 1209 1593 iu
1237 1534 1361 1609 singulis

235 1639 327 1698 titulis
349 1639 390 1697 ita
411 1639 549 1714 leguntur
570 1641 602 1696 ut
622 1637 749 1696 indicem
773 1637 858 1713 quasi
880 1655 933 1713 per
954 1640 1053 1713 partes
1076 1638 1233 1713 explicent.
1276 1634 1362 1706 Quod

235 1743 379 1799 testantur
405 1759 433 1800 n.
451 1741 532 1798 1299
561 1743 589 1798 et
618 1740 709 1812 1300,
735 1739 785 1797 ubi
810 1741 870 1798 tres
897 1739 1032 1798 diversae
1058 1739 1111 1798 sed
1132 1740 1240 1815 plenae
1262 1755 1362 1796 manu-

237 1844 390 1902 missiones
412 1841 540 1902 eiusdem
564 1843 727 1917 quaestoris
748 1843 944 1916 inveniuntur,
968 1859 984 1900 e
1006 1841 1112 1916 quibus
1134 1859 1193 1899 una
1215 1840 1246 1899 in
1269 1841 1362 1899 altero

237 1944 338 2019 lapide
358 1946 447 2002 extat.
481 1945 584 2018 Itaque
603 1942 635 2001 fit
654 1943 735 2001 utin
754 1943 855 2001 neoc
876 1947 905 2002 et
925 1944 986 2001 207
1006 1946 1130 2018 utraque
1149 1943 1224 2001 ratio
1244 1942 1365 2001 libertos

238 2045 346 2106 edendi
366 2047 457 2104 mixta
476 2046 520 2120 sit,
539 2046 618 2105 unde
637 2046 835 2120 intellegimus
850 2045 936 2104 modo
950 2044 1027 2104 hanc
1043 2044 1129 2104 modo
1144 2045 1227 2103 illam
1242 2044 1365 2103 formam

239 2150 271 2207 in
292 2166 346 2209 usu
368 2148 465 2208 fuisse.

323 2253 385 2310 Iam
427 2269 516 2327 supra
557 2251 682 2310 diximus
723 2251 909 2327 magistratus
949 2249 1091 2326 quosdam
1131 2248 1211 2310 urbis
1246 2248 1365 2310 tabulas

240 2353 438 2413 conficiendas
477 2355 624 2414 curavisse
664 2357 752 2429 atque
790 2372 827 2414 ex
862 2353 907 2413 his
944 2354 1108 2413 accuratius
1144 2352 1281 2413 discimus
1316 2353 1367 2428 qui

240 2457 428 2533 magistratus
449 2456 506 2516 hoe
528 2474 648 2516 munere
670 2456 764 2516 iuncti
785 2457 852 2516 sint.
887 2456 1002 2516 Usitato
1025 2473 1105 2515 more
1128 2459 1265 2530 quaestor
1286 2455 1367 2515 urbis

239 2545 270 2634 (ὁ
294 2556 413 2640 ταμίας
434 2558 492 2642 τῆς
513 2551 659 2635 πόλεως)
681 2557 738 2618 hoo
760 2560 910 2634 negotium
930 2558 1094 2633 exercebat,
1116 2556 1261 2617 interdum
1280 2558 1366 2617 ctiam

241 2650 259 2724 ὁ
296 2655 398 2742 ταγὸς
434 2661 494 2742 τῆς
530 2655 671 2734 πόλεως.
730 2661 868 2737 Hypatae
901 2664 996 2721 antem
1030 2663 1126 2720 aetate
1158 2661 1366 2737 imperatorum

241 2765 437 2823 Romanorum
467 2765 616 2839 singulare
645 2780 748 2822 munus
775 2765 935 2823 institutum
963 2766 1019 2838 est,
1049 2764 1096 2822 cui
1123 2756 1141 2826 ὁ
1170 2752 1367 2846 ἐπιμελητὴς

241 2865 314 2928 τῶν
345 2856 619 2946 &asseveremus
646 2860 827 2948 χρημάτων
856 2870 1000 2942 praeerat.
1049 2867 1192 2925 Nimirum
1218 2864 1250 2924 hi
1277 2866 1367 2940 magi-

242 2972 348 3028 stratus
376 2968 488 3027 scribas
515 2963 552 3028 ἐν
579 2955 700 3048 ἀρχαίῳ
725 2968 861 3028 sedentes
883 2967 1042 3043 habebant,
1070 2969 1120 3043 qui
1142 2985 1243 3027 omnes
1266 2983 1368 3027 servos

242 3070 378 3130 libertate
409 3070 528 3128 affectos
557 3070 588 3127 in
617 3071 733 3129 tabulas
762 3070 896 3146 publicas
924 3069 1083 3130 inscribere
1112 3070 1260 3144 solebant,
1292 3087 1367 3144 quae

242 3174 345 3247 postea
380 3170 528 3247 lapidibus
565 3170 764 3230 edicebantur.
822 3172 873 3229 Illi
910 3172 1023 3231 scribae
1059 3170 1172 3231 etiamsi
1206 3171 1237 3229 in
1272 3170 1368 3229 titulis

243 3273 426 3334 Thessalicis
452 3290 596 3348 nusquam
623 3277 891 3349 commemorantur,
916 3277 1015 3333 tamen
1041 3291 1077 3334 ex
1103 3273 1256 3350 Delphicis
1283 3289 1368 3332 accu-

243 3377 334 3435 ratius
358 3379 587 3451 oognoscuntur3
611 3377 705 3434 ueluti
726 3376 758 3434 in
780 3375 906 3452 quodam
915 3375 942 3454 ²)
962 3375 1036 3436 haee
1057 3378 1208 3451 leguntur:
1234 3373 1369 3456 τίθεμαι

243 3476 304 3558 τῆς
340 3464 429 3561 ω’νῆς
464 3468 505 3539 τὸ
538 3464 747 3557 ἀντίγραφον
780 3469 836 3539 διὰ
867 3476 932 3539 τοῦ
965 3475 1183 3558 γραμματέως
1214 3475 1278 3538 τοῦ
1310 3476 1370 3558 τῆς

245 3574 378 3651 πόλεως
405 3575 441 3640 ἐν
469 3572 513 3640 τὰ
539 3572 681 3662 δημόσια
706 3580 763 3663 τῆς
789 3569 922 3651 πόλεως
949 3574 1139 3662 γράμματα;
1168 3580 1277 3639 alicubi
1303 3582 1371 3637 acta

245 3683 365 3758 publica
392 3675 554 3763 δημόσιον
580 3683 696 3762 τεῦχος
722 3683 917 3742 nominantur.
963 3682 1054 3758 Apud
1081 3681 1241 3742 Thessalos
1267 3680 1370 3740 horum

246 3785 405 3845 scribarum
442 3786 561 3861 negotia
597 3789 734 3845 accurate
769 3785 915 3861 inspicere
950 3785 1034 3844 nobis
1071 3785 1151 3848 licet.
1208 3784 1309 3843 Veluti
1340 3783 1372 3841 in

246 3889 289 3947 tit.
305 3889 343 3946 21
364 3906 393 3946 u.
405 3889 442 3946 16
466 3886 540 3947 haec
560 3890 710 3963 leguntur:
732 3877 846 3961 Λύκος
864 3883 922 3948 καὶ
940 3874 1136 3967 {ludificor}
1158 3875 1225 3949 ἀπὸ
1245 3874 1372 3966 Ἀσκλη-

247 3982 385 4062 πιάδου;
412 3991 462 4065 qui
483 3989 680 4067 Asclepiades
708 3989 810 4050 eodem
836 3992 969 4066 tempore
995 3990 1112 4048 tertium
1135 4006 1251 4048 servum
1271 4005 1373 4047 manu-

249 4093 367 4153 miserat
396 4091 475 4168 quod
504 4113 532 4152 n.
548 4094 588 4151 22
618 4096 754 4153 testatur:
786 4083 913 4164 Ζώϊλος
941 4085 1149 4172 Παραμόνου
1178 4087 1197 4153 ὁ
1227 4081 1373 4172 γεγονώς

337 4326 753 4397 pmmmummu

336 4412 913 4484 amfflmmmwm
